3400 5417
967 535 1190 590 LIBER
1231 535 1610 594 SEPTIMUS.
2240 538 2267 592 1
2281 539 2355 593 33

252 666 520 739 obsistat
543 722 562 757 ,
615 680 687 738 et
729 664 944 761 hujus
995 666 1095 737 rei
1154 665 1607 762 assequendae
1663 690 1823 764 spes
1872 667 1975 737 eis
2021 664 2350 738 adimat¹.

253 782 436 854 Unde
497 782 786 853 rescissa
833 782 1178 880 pensione
1252 807 1294 852 1.
1358 781 1662 853 millium
1730 796 2096 853 scutorum
2163 783 2369 872 auri,

251 923 445 997 quarn
475 902 916 970 Francorum
944 923 1065 970 rex
1089 924 1218 998 per
1250 899 1524 994 aliquot
1556 922 1813 986 annos,
1839 898 2063 996 pactis
2081 898 2267 969 inter
2284 925 2356 969 se

249 1016 508 1104 habitis,
581 1015 921 1088 Edoardo
991 1015 1383 1110 Anglorum
1438 1016 1586 1110 regi
1638 1015 2070 1102 exsolverat,
2143 1015 2359 1111 coepit

251 1131 661 1230 pedetentim
696 1156 949 1226 guerra
980 1132 1164 1203 inter
1201 1129 1420 1201 ambo
1463 1154 1722 1225 regna,
1763 1155 1917 1226 quae
1950 1154 2081 1228 per
2121 1128 2359 1226 plures

249 1272 455 1320 annos
496 1248 895 1318 intermissa
914 1263 982 1318 et
1006 1246 1550 1343 quodammodo
1603 1247 1835 1343 sopita
1882 1245 2139 1332 fuerat,
2188 1245 2359 1315 reci-

250 1365 392 1435 diva
411 1365 695 1452 exoriri,
731 1379 802 1434 et
832 1389 958 1462 per
983 1365 1244 1461 piratas
1272 1363 1442 1432 hinc
1471 1363 1639 1434 inde
1665 1387 1793 1460 per
1827 1385 2021 1432 mare
2054 1360 2351 1432 turbari.

249 1485 314 1550 ln
344 1506 480 1576 quo
515 1480 839 1578 profecto
905 1481 1170 1574 Anglici
1206 1504 1247 1550 a
1297 1481 1541 1576 piratis
1586 1484 2024 1549 Francorum
2085 1478 2358 1574 majora

247 1597 487 1669 damna
513 1651 530 1686 ,
563 1622 785 1694 quam
826 1599 978 1667 vice
1017 1621 1215 1668 versa
1247 1599 1497 1668 Franci
1522 1596 1614 1669 ab
1651 1597 1975 1692 Anglicis,
2017 1597 2359 1667 sustinue-

247 1727 411 1782 runt.
442 1716 624 1784 Cum
653 1714 849 1784 enim
881 1714 1149 1807 Anglici
1182 1714 1522 1784 insulares
1551 1715 1693 1784 sint
1716 1766 1734 1802 ,
1772 1737 2054 1784 necesse
2089 1710 2359 1786 habent

249 1829 519 1898 nauticis
571 1826 1110 1924 trajectionibus
1138 1851 1264 1899 sua
1293 1853 1619 1899 exercere
1646 1829 2122 1917 commercia3
2161 1828 2357 1923 quod

246 1945 328 2012 ita
375 1943 610 2031 Gallis,
662 1945 789 2014 etsi
827 1941 1336 2030 commodum,
1393 1943 1690 2013 minime
1736 1958 1975 2013 tamen
2039 1967 2357 2013 necessa-

247 2060 408 2129 rium
461 2060 763 2144 exsistit,
824 2056 1086 2154 quibus
1141 2058 1372 2127 solum
1446 2061 1823 2156 proprium
1880 2074 2135 2129 cuncta
2200 2058 2355 2128 vitae

248 2176 611 2246 necessaria
659 2173 945 2244 abunde
981 2171 1468 2244 subministrat
1502 2189 1572 2244 et
1621 2173 1883 2270 quibus
1916 2198 2357 2270 quaquaver-

246 2315 381 2360 sum
428 2293 716 2388 pervius
753 2305 945 2388 patet
969 2344 986 2377 ,
1025 2289 1295 2385 absque
1349 2291 1631 2361 nautica
1665 2291 2116 2386 trajectione,
2162 2289 2357 2361 orbis

248 2418 588 2477 terrarum.

961 2689 1474 2757 CAPlTULUM
1528 2691 1613 2756 ΙΙ.

246 2888 309 2938 De
332 2889 600 2941 immatura
623 2902 792 2941 morte
808 2887 1068 2954 Edoardi,
1095 2889 1388 2957 Anglorum
1409 2892 1561 2961 regis,
1584 2904 1634 2942 et
1657 2889 1893 2961 ejusdem
1915 2892 2061 2961 regni
2083 2892 2353 2960 tyrannica

389 2975 742 3046 occupatione
771 2993 866 3044 per
901 2972 1228 3026 Richardum
1251 2975 1364 3044 ejus
1393 2975 1628 3039 fratrem,
1660 2974 1848 3027 ducem
1874 2977 2196 3030 Glocestriae.

327 3149 630 3243 Contigit
669 3161 908 3217 autem
949 3161 1018 3216 et
1067 3170 1287 3242 regno
1334 3148 1723 3240 Anglorum
1760 3147 1955 3218 aliud
2012 3172 2159 3216 non
2194 3171 2355 3244 par-

241 3287 390 3331 vum
445 3262 964 3358 infortunium,
1023 3287 1104 3332 ea
1158 3277 1604 3360 tempestate,
1661 3263 1752 3333 de
1814 3263 2044 3333 subita
2083 3263 2247 3333 satis
2289 3279 2357 3333 et

243 3379 596 3451 immatura
629 3381 810 3475 regis
857 3379 961 3449 sui
1007 3392 1238 3447 morte
1285 3379 1622 3450 Edoardi.
1669 3383 1845 3450 Nam
1883 3405 2049 3450 cum
2084 3379 2199 3449 dic
2239 3405 2355 3448 ve·

241 3497 406 3566 neris
436 3498 752 3582 sanctar',
778 3518 973 3565 anno
1009 3519 1508 3565 moccenxxxm
1537 3520 1737 3565 more
1766 3521 2081 3566 romana·
2113 3495 2348 3582 curizr,

241 3609 411 3680 idem
441 3638 597 3698 rex,
651 3610 1056 3681 devotionis
1083 3625 1151 3679 et
1195 3612 1537 3680 orationis
1565 3634 1817 3700 causa,
1853 3610 2091 3708 plures
2130 3610 2355 3681 eccle-

241 3728 360 3796 sias
411 3742 476 3798 et
528 3728 690 3799 loca
750 3750 946 3796 sacra
980 3726 1500 3822 perlustrasset,
1551 3727 2013 3824 postmodum
2068 3751 2356 3822 quoque

243 3843 542 3914 reficiens
602 3843 864 3914 lassum
914 3867 1208 3937 corpus,
1267 3856 1337 3912 et
1387 3843 1729 3914 fructibus
1768 3859 1979 3940 atque
2046 3842 2358 3942 oleribus

311 4071 363 4124 1.
409 4069 451 4124 ΙΙ
489 4070 608 4126 saut
641 4081 808 4125 noter
839 4069 988 4124 aussi
1030 4089 1142 4144 qu(-
1174 4068 1224 4123 lc
1267 4069 1430 4124 traitt'·
1471 4069 1705 4126 ‹l‘Arras
1747 4069 1990 4144 roinpait
2027 4069 2079 4124 le
2108 4068 2357 4142 mariagv

243 4161 442 4239 projvtc
471 4176 632 4220 entre
658 4164 710 4220 lc
739 4161 994 4238 dauphin
1027 4176 1076 4218 et
1114 4159 1266 4218 l’nnv
1301 4162 1404 4220 des
1435 4163 1574 4220 {illos
1603 4157 1929 4219 ‹l'Etlouarcl
1962 4166 2055 4218 IV.

311 4260 362 4315 2.
410 4258 599 4314 Plutot
629 4270 844 4313 sancta.

3312 685 3327 746 ΛΑ..
3314 513 3327 642 μμ.
3308 57 3327 472 Α-.-νι·ι.-.ι·ι““.
3310 9 3327 26 Α
