3400 5417
1020 550 1093 607 36
1560 548 2074 606 HISTORIARUM
2117 547 2470 605 LUDOVICI
2511 548 2596 603 xl

1117 679 1513 770 Habuerat,
1558 692 1720 776 post
1759 680 2360 777 expugnationem
2399 678 2648 777 oppidi
2681 677 2772 750 de
2811 680 3132 769 Avennis,

1018 798 1330 897 plurium
1365 795 1720 867 mensium
1753 786 1970 867 aestix‘ri
1999 796 2341 893 temporis
2368 796 2676 893 spatium
2700 851 2721 887 ,
2759 810 3136 891 antequam

1018 915 1571 1005 MaximilianuS,
1615 912 1802 985 filius
1835 914 2284 1011 imperatoris
2309 969 2326 1004 ,
2365 913 2810 1003 adventaret,
2851 912 3132 1009 quibuS,

1019 1031 1218 1103 nullo
1235 1055 1437 1129 paene
1472 1030 1762 1125 negotio
1798 1044 2008 1126 atque
2037 1029 2382 1127 pericuIO,
2421 1044 2654 1100 totum
2677 1027 2948 1100 bellum
2979 1054 3140 1099 con·

1019 1147 1227 1218 ficere
1260 1162 1331 1218 et
1374 1148 1617 1219 omnia
1662 1146 1948 1216 illarum
1992 1161 2340 1217 terrarum
2374 1145 2848 1239 insignissima
2878 1144 3140 1243 oppida

1016 1262 1153 1334 sibi
1176 1262 1501 1357 subigere
1532 1262 1912 1360 potuisset,
1944 1286 2109 1331 cum
2145 1260 2448 1356 ubique,
2488 1262 2593 1330 uti
2623 1259 2959 1353 diximuS,
3001 1284 3138 1331 non

1018 1382 1411 1453 defensioni
1445 1381 1728 1478 patriae,
1784 1404 1932 1450 non
1980 1378 2308 1474 cogendo
2359 1379 2692 1449 exercitui
2731 1378 2840 1448 vel
2884 1400 3139 1475 paran-

1018 1496 1127 1567 dis
1173 1496 1265 1567 ad
1313 1494 1784 1566 resistendum
1836 1494 2391 1565 necessariarum
2441 1517 2678 1563 rerum
2726 1493 3140 1563 munitioni-

1017 1611 1177 1703 bus,
1217 1611 1343 1683 sed
1381 1611 1548 1681 solis
1590 1611 1771 1680 inter
1805 1635 1876 1679 se
1912 1609 2366 1679 tumultuosis
2412 1606 2882 1679 seditionibus
2929 1608 3144 1679 inten-

1022 1726 1330 1797 deretur.
1374 1724 1513 1795 Sed
1554 1725 1792 1795 nescio
1819 1747 1963 1820 qua
2000 1748 2212 1795 causa
2241 1748 2470 1820 quave
2505 1724 2816 1815 ratione,
2849 1723 2990 1794 nisi
3014 1723 3144 1792 hoc

1017 1841 1171 1911 sola
1198 1841 1327 1910 Dei
1364 1839 1742 1910 clementia
1773 1852 1987 1933 atque
2019 1837 2472 1908 miseratione
2500 1836 2953 1933 providente,
2980 1851 3147 1908 tem·

1020 1950 1213 2047 poris
1246 1949 1380 2020 sibi
1409 1951 1717 2021 maxime
1753 1948 2143 2045 opportuni
2161 1947 2541 2019 decursum
2577 1949 2815 2019 sinens
2846 1949 3005 2046 ipse
3038 1972 3144 2017 rex

1019 2061 1373 2158 praeterire
1398 2115 1416 2147 ,
1446 2059 1862 2156 obtorpuit,
1905 2058 2136 2129 donec
2171 2058 2362 2128 idem
2397 2059 2918 2129 Maximilianus
2949 2058 3148 2129 adve-

1022 2178 1238 2261 niret,
1275 2184 1510 2273 etjam
1536 2199 1738 2272 paene
1765 2175 2134 2245 transactis
2170 2175 2421 2244 aestivis
2449 2174 2839 2266 mensibuS,
2873 2174 3144 2246 hiberni

1020 2294 1361 2390 temporis
1397 2290 1718 2361 conditio
1755 2289 2184 2385 agendiquae
2210 2304 2503 2385 perante
2537 2289 2738 2362 facile
2771 2292 3142 2387 potuisset,

1020 2424 1091 2480 et
1132 2407 1742 2505 opportunitatem
1781 2405 2124 2495 auferret,
2168 2420 2234 2476 et
2287 2420 2545 2478 cuncta
2576 2405 2907 2477 redderet
2947 2407 3148 2501 longe

1022 2523 1450 2594 difficiliora.
1496 2527 1673 2592 Nam
1708 2546 1872 2590 cum
1904 2522 2314 2592 autumnale
2352 2536 2654 2619 tempuS,
2691 2524 3008 2619 copiosis
3039 2525 3148 2593 im-

1023 2638 1275 2710 bribus
1306 2637 1569 2726 effusis,
1611 2651 1831 2706 terras
1865 2635 2041 2725 illas,
2077 2637 2382 2706 maxime
2418 2636 2796 2728 Flandriae,
2833 2638 2930 2709 ad
2966 2639 3148 2735 equi·

1023 2753 1326 2826 tandum
1362 2767 1430 2822 et
1460 2749 1892 2822 vectanduin
1927 2750 2278 2821 inhabiles
2317 2750 2773 2839 reddidisset,
2811 2776 2965 2824 non
2999 2753 3146 2825 abs-

1027 2895 1166 2963 que
1203 2868 1477 2961 magnis
1514 2864 2049 2936 difficultatibus
2087 2881 2155 2935 et
2192 2867 2523 2962 periculis
2584 2868 2726 2937 illic
2769 2871 3146 2941 exercitum

1028 3009 1237 3055 suum
1282 2982 1649 3054 effundere
1703 3007 1827 3054 seu
1897 2997 2124 3053 castra
2186 2983 2436 3053 metari
2504 2997 2573 3053 et
2627 2982 2984 3057 collocare
3038 3010 3150 3083 po-

1034 3114 1298 3170 tmsset.

1129 3220 1287 3287 Non
1359 3216 1718 3287 desierunt
1745 3230 1983 3287 tamen
2065 3214 2346 3301 milites,
2415 3240 2596 3309 quos
2661 3216 2734 3286 in
2794 3217 3150 3288 liminibus

1031 3333 1373 3403 Flandriae
1436 3347 1507 3401 et
1572 3332 1968 3403 Hannonia*
2023 3354 2152 3426 pro
2222 3330 2549 3426 prasidio
2619 3345 2995 3425 statuerat,
3051 3334 3152 3402 in-

1034 3474 1351 3539 cursare,
1411 3449 1742 3519 incendia
1794 3463 1864 3518 et
1933 3447 2204 3543 praedas
2261 3472 2493 3541 agere.
2551 3453 2633 3519 Et
2694 3475 2860 3521 cum
2916 3452 2990 3521 in
3048 3450 3150 3520 illa

1035 3565 1364 3636 Flandria
1421 3564 1786 3654 inferiore,
1844 3565 2031 3634 circa
2100 3564 2950 3655 Sanctum-Odomaruni,
3017 3567 3152 3635 Fla-

1037 3682 1258 3776 mingi
1292 3679 1425 3749 sub
1456 3682 1772 3775 quodam
1803 3681 2024 3750 milite
2055 3680 2422 3774 indigena,
2459 3698 2946 3777 cognomento
2972 3689 3155 3754 Suet-

1044 3799 1383 3892 telzayse¹,
1424 3797 1740 3883 collecti,
1797 3822 1924 3893 per
1973 3799 2141 3867 certi
2181 3799 2522 3895 temporis
2569 3801 2872 3897 spatium
2912 3826 3151 3899 quem-

1041 3914 1207 3986 dam
1255 3914 1494 4012 patria*
1552 3913 1884 4001 limitem,
1945 3938 2158 4008 quem
2219 3918 2909 4010 Novum-Aggerem’
2959 3918 3153 4010 vulgo

1125 4108 1181 4161 1.
1228 4105 1489 4181 Corrigez
1524 4108 1897 4179 Steen.l‹.=ry.w,·
1929 4107 2069 4163 mais
2107 4110 2136 4163 J
2143 4126 2247 4162 can
2279 4106 2350 4162 de
2377 4110 2612 4184 Bruges,
2645 4109 2840 4184 prince
2869 4108 2942 4165 de
2971 4114 3154 4168 Stoen-

1044 4198 1256 4274 buyse,
1288 4199 1445 4255 a-t-il
1480 4198 1607 4255 bien
1640 4201 1978 4258 cumulande
2009 4201 2087 4256 lcs
2117 4200 2330 4256 milit-vs
2360 4202 2707 4257 ssainundes?

1126 4297 1183 4351 2.
1232 4294 1615 4370 Niemvcndyk
1642 4297 2099 4363 ouNeus-Fosse,
2119 4298 2278 4353 canal
2301 4297 2394 4371 qui
2414 4317 2486 4353 va
2503 4297 2694 4355 d’Aire
2723 4301 2751 4352 ὲ
2786 4298 3153 4355 Saint-Omcr.
