3400 5417
1231 532 1450 590 LIBER
1487 530 1796 590 SEXTUS.
2522 530 2557 584 9

433 692 652 765 quem
687 665 984 739 haberet
1002 720 1022 756 ,
1065 688 1352 736 necnon
1373 715 1391 751 ,
1441 652 1905 759 quamplures
1940 662 2013 731 in
2056 660 2259 732 terris
2304 662 2563 759 princi-

431 785 634 882 pissae
671 782 909 882 palam
953 804 1027 851 se
1054 778 1379 850 haesitare
1420 776 1734 868 aiebant,
1769 760 1920 849 imo
1954 774 2185 866 multi,
2229 799 2362 846 nec
2395 800 2561 855 eum

431 898 703 973 habere
741 897 1194 994 jactitabant,
1240 896 1404 968 licet
1434 896 1526 968 de
1557 895 1706 966 hoc
1732 919 1864 993 per
1906 917 2207 989 regnum
2255 893 2563 963 Franciae

435 1041 586 1088 non
623 1013 1124 1111 ambigeretur.
1155 1015 1260 1083 De
1283 1036 1428 1109 qua
1449 1012 1833 1110 sponsione
1858 1036 1982 1083 seu
2012 1010 2564 1108 desponsatione

435 1131 678 1203 fienda
721 1154 888 1201 cum
923 1129 1139 1201 iidem
1171 1143 1490 1215 oratores
1527 1152 1570 1199 a
1599 1126 1954 1225 deputatis
1984 1125 2515 1225 provinciarum
2538 1182 2557 1217 ,

387 1280 404 1299 ο
437 1248 562 1343 qui
613 1244 940 1317 Gandavi
978 1258 1464 1315 convenerant
1489 1299 1508 1333 ‚
1563 1246 1653 1313 se'
1685 1242 1866 1314 nihil
1913 1244 1985 1314 in
2031 1242 2385 1314 mandatis
2432 1242 2567 1313 ha-

436 1360 608 1432 here
671 1354 1060 1431 assererent
1089 1410 1107 1445 ‚
1179 1356 1438 1427 infecta
1505 1381 1680 1454 pace
1752 1356 1844 1429 ad
1904 1380 2070 1428 suos
2139 1356 2562 1430 Gandavum

437 1475 823 1547 redierunt.
2335 1540 2344 1551 .

537 1594 760 1661 Porro
791 1614 956 1660 cum
972 1589 1381 1661 recedentes
1400 1612 1443 1659 a
1457 1612 1618 1683 rege
1633 1588 1995 1661 licentiam
2008 1587 2355 1659 redeundi
2380 1612 2566 1659 rece-

438 1722 722 1806 perunt,
738 1706 1064 1804 promisit
1088 1730 1208 1776 rex
1227 1729 1391 1775 suos
1424 1720 1741 1776 oratores
1757 1703 1959 1776 brevi
1980 1709 2355 1777 missurum
2378 1709 2534 1778 Gan
2546 1688 2573 1761 ·⁶

439 1822 704 1894 davum
734 1821 826 1893 ad
855 1820 1181 1893 eamdem
1211 1844 1410 1892 suam
1438 1819 1725 1892 filiolam
1757 1836 1827 1891 et
1846 1846 1995 1913 eos,
2017 1823 2137 1918 qui
2166 1823 2253 1893 de
2279 1822 2568 1893 diversis

439 1916 824 2037 provinciis
849 1939 992 2009 suis
1042 1938 1165 2009 illo
1199 1952 1684 2008 convenerant
1707 1994 1725 2029 ,
1763 1962 1890 2035 per
1918 1962 2099 2033 quos
2132 1962 2383 2009 eorum
2417 1939 2569 2010 ani-

443 2081 598 2126 mos
667 2054 758 2126 ad
822 2079 905 2125 ea
927 2109 945 2145 ,
998 2078 1154 2149 quae
1217 2068 1558 2124 restarent
1602 2053 1929 2124 ineundae
1986 2055 2214 2150 pacis,
2262 2070 2568 2152 speraret

443 2170 799 2242 inflectere
822 2226 840 2260 ,
901 2185 1262 2240 ostentans
1318 2194 1596 2266 semper
1639 2170 1782 2239 suis
1832 2168 2065 2240 verbis
2115 2194 2188 2239 se
2236 2170 2327 2241 ad
2377 2194 2560 2259 eam,

357 2288 376 2303 '
440 2288 679 2385 potius
737 2309 956 2380 quam
1019 2286 1109 2357 ad
1168 2285 1439 2357 bellum
1482 2285 1917 2380 gerendum,
1971 2285 2290 2357 animum
2338 2288 2567 2357 inten-

441 2401 633 2473 dere.

1153 2670 1668 2738 CAPITULUM
1747 2672 1829 2736 ΙΙΙ
1846 2720 1862 2737 .

443 2883 733 2951 Quomodo
758 2896 809 2936 et
830 2902 935 2954 qua
957 2882 1022 2936 de
1047 2901 1220 2947 causa,
1250 2883 1469 2935 reversis
1493 2884 1690 2953 legatis,
1708 2886 1993 2937 noluerunt
2008 2882 2181 2937 Status
2204 2882 2568 2939 flandriarum

609 2969 813 3021 collecti
840 2968 984 3039 apud
1007 2968 1326 3022 Gandavum
1351 2968 1622 3021 intendere
1648 2968 1720 3021 ad
1752 2987 1811 3022 ea
1837 2988 1953 3039 quae
1980 2988 2071 3021 rex
2096 2969 2415 3041 postulabat.

546 3204 728 3272 Sane
761 3223 986 3295 quum
1020 3200 1315 3291 reversi,
1353 3224 1510 3295 quae
1534 3200 1727 3296 apud
1758 3224 1997 3293 regem
2050 3200 2353 3293 egissent
2380 3201 2571 3269 inve-

450 3331 844 3412 nerantque
893 3316 1323 3407 retulissent,
1379 3317 1593 3414 coepit
1641 3317 1945 3413 amplius
1997 3316 2185 3410 vulgi
2232 3316 2573 3386 turnultus

449 3431 801 3527 simulque
846 3432 1168 3500 omnium
1207 3431 1459 3531 ferme,
1492 3432 1614 3525 qui
1649 3431 1789 3500 illic
1829 3430 2125 3501 aderant
2156 3429 2246 3500 de
2283 3430 2573 3500 diversis

451 3546 652 3615 terris
707 3546 1180 3642 principissae‚
1239 3546 1534 3615 accendi
1591 3562 1658 3616 et
1703 3548 2125 3617 insolescere
2153 3602 2171 3635 ‚
2214 3548 2573 3643 potissime

451 3686 618 3732 cum
668 3676 1131 3755 agnoscerent
1185 3661 1653 3755 audirentque
1706 3662 2030 3732 dietenus
2076 3686 2312 3759 regem
2355 3689 2573 3734 novas

451 3802 648 3848 arces
679 3792 749 3847 et
788 3774 1056 3874 oppida
1093 3801 1480 3874 occupare,
1511 3793 1582 3845 et
1617 3778 1809 3848 aliud
1845 3777 2120 3867 verbis,
2158 3777 2349 3848 aliud
2378 3780 2574 3849 factis

453 3892 849 3980 ostendere,
870 3892 1293 3986 studereque
1319 3916 1442 3961 sua
1473 3893 1990 3962 intermissione
2017 3893 2294 3964 nobiles
2328 3920 2410 3963 ac
2443 3895 2574 3961 mi-

449 4008 711 4093 litares,
753 4007 1318 4103 quibuscumque
1340 4026 1585 4103 'posset
1625 4011 1753 4078 viis
1784 4026 1993 4103 atque
2026 4012 2283 4099 niodi5‚
2319 4012 2573 4080 illicere

452 4138 520 4193 et
552 4125 622 4193 in
654 4140 887 4218 partes
923 4149 1082 4193 suas
1106 4126 1478 4194 attrahere.
1511 4125 1833 4196 lrrilabat
1867 4140 2101 4196 autern
2138 4126 2572 4221 permaximo

455 4241 921 4335 omniumque
949 4242 1225 4311 animos
1251 4240 1342 4311 ab
1373 4241 1690 4312 ineundo
1726 4243 2275 4340 copulandoque
2314 4242 2573 4312 foedere
