3400 5417
1034 938 1826 1047 APOLOGIA.

371 1238 592 1275 luem?
621 1239 947 1278 Pnooemtm
975 1241 1036 1278 m
1068 1241 1392 1280 APOLOGIAM
1425 1245 1650 1295 Tuom,
1681 1243 2098 1282 Ancnmmscon
2130 1244 2511 1295 cssAmmtsm,

493 1363 743 1400 PEMNTE
777 1360 1027 1400 muscum
1073 1363 1441 1403 Laxovmnsls
1462 1390 1478 1418 9
1527 1365 1602 1404 An
1626 1365 1908 1414 Quzunm
1944 1366 2168 1405 metm
2204 1368 2383 1408 SUUM·

477 1657 772 1750 Rogavit
801 1679 935 1725 nos
967 1657 1220 1727 caritas
1248 1670 1395 1746 tua,
1426 1653 1832 1726 dulcissime
1855 1653 1930 1724 in
1960 1652 2240 1724 Christo
2272 1654 2509 1748 frater,

369 1779 490 1856 ut,
539 1765 862 1836 fraternae
898 1768 1410 1838 consolationis
1447 1767 1667 1862 gratia
1701 1781 1913 1861 atque
1952 1767 2510 1858 exercitationis,

367 1881 623 1952 litteris
683 1883 1000 1975 digerere
1047 1883 1390 1953 vellemus
1442 1899 1698 1952 nostrae
1744 1905 1991 1952 causas
2029 1899 2244 1980 atque
2289 1909 2516 1955 excu-

367 1999 685 2104 sationes
724 2014 872 2070 tam
915 2001 1325 2096 longinquae
1366 2001 1957 2098 peregrinationis
2000 2015 2105 2092 et,
2148 2017 2223 2071 ut
2264 2004 2516 2099 vulgus

367 2116 716 2185 :estimare
768 2115 980 2204 solet,
1030 2116 1296 2206 exsilii3
1354 2117 1767 2187 occasiones
1810 2139 2099 2211 quoque
2143 2132 2213 2187 et
2262 2119 2516 2188 condi·

372 2225 608 2295 tiones
635 2224 1091 2317 earumdem3
1126 2226 1336 2295 simul
1371 2227 1584 2296 etiam
1622 2223 1886 2321 quibus
1920 2225 2290 2321 adjutoriis
2324 2227 2508 2319 freti,

369 2336 636 2434 quibus
665 2337 890 2407 innixi
926 2337 1225 2423 auxiliis,
1256 2337 1433 2426 haec,
1473 2361 1632 2431 quae
1661 2337 2071 2407 communis
2104 2338 2512 2408 mortalium

369 2453 752 2524 hominum
785 2453 1032 2550 opinio
1061 2453 1500 2543 calamitosa,
1538 2452 1719 2523 dura
1751 2466 1821 2523 et
1847 2477 2095 2550 aspera
2117 2452 2341 2541 ducit,
2368 2469 2513 2524 tam

367 2570 525 2638 laete
545 2585 615 2639 et
634 2569 953 2664 jucunde
975 2567 1133 2663 (uti,
1157 2569 1286 2637 Dei
1307 2569 1624 2639 donante
1646 2569 2161 2657 misericordia,
2190 2569 2515 2664 facimus)

367 2683 682 2780 perferre
697 2684 1140 2780 potuerimus
1157 2697 1225 2752 et
1238 2685 1615 2779 possimus,
1638 2686 1819 2753 Cum
1838 2685 2030 2753 enim
2051 2683 2513 2755 deterrimum

368 2800 742 2871 infortunii
797 2824 1018 2892 genus
1069 2799 1155 2868 sit
1211 2799 1416 2869 fuisse
1472 2798 1785 2889 felicem,
1841 2815 1910 2869 et
1958 2800 2383 2897 aliquandO,
2439 2827 2513 2872 re

370 2931 618 2986 nostra
644 2915 986 2985 incolumi
1017 2929 1086 2983 et
1117 2915 1392 3007 integra
1419 2915 1891 3010 amplitudine
1917 2931 2129 3011 atque
2152 2916 2514 2988 affluentia

367 3033 874 3130 temporalium
915 3056 1152 3100 rerum
1197 3057 1337 3126 prae
1379 3031 1617 3100 multis
1654 3027 1937 3120 siiiiiliS,
1974 3046 2050 3101 ut
2099 3046 2340 3104 nostra
2379 3047 2508 3122 est,

368 3150 868 3246 professionis,
915 3172 956 3217 a
996 3148 1320 3243 plurimis
1357 3146 1587 3216 felices
1631 3147 1779 3216 sore
1807 3162 2257 3243 putaremur,
2299 3173 2341 3218 a
2370 3173 2513 3244 qua

366 3265 627 3362 dilapsi
658 3280 725 3334 et
759 3265 968 3333 alieni
999 3265 1158 3333 sacti
1189 3289 1336 3332 esse
1365 3262 1797 3351 videremur,
1830 3287 2049 3359 quani
2082 3265 2319 3360 plures
2344 3265 2511 3336 inde

368 3398 736 3479 permotos
756 3397 823 3450 et
851 3380 1160 3476 quadam
1193 3380 1409 3448 veluti
1445 3380 1919 3450 admiratione
1954 3404 2333 3476 suspensos
2362 3405 2510 3451 esse

368 3499 535 3568 satis
563 3498 946 3586 credimuS,
974 3521 1114 3591 qua
1142 3496 1244 3563 μ’]
1276 3496 1651 3566 occasione
1683 3521 1808 3566 seu
1835 3519 2075 3583 causa,
2112 3496 2347 3592 priore
2380 3522 2511 3567 nos

367 3615 737 3684 deserente
793 3614 1114 3702 fortuna,
1179 3613 1250 3681 iu
1300 3613 1488 3682 lianc
1537 3613 1825 3682 dimersi
1881 3638 2167 3703 sumus;
2220 3637 2510 3708 quoque

371 3731 478 3799 vel
516 3730 859 3817 consilio,
904 3743 1112 3824 pacto
1147 3753 1271 3796 seu
1318 3727 1677 3822 adjutorio
1725 3729 1911 3797 hanc
1958 3728 2115 3797 vitae
2148 3753 2395 3798 cursus
2442 3745 2510 3799 et

371 3849 672 3916 fortuna».
732 3847 1198 3915 mutationem
1255 3845 1601 3940 patienter
1651 3859 1714 3915 et
1765 3869 1969 3940 a‘quo
2034 3845 2276 3916 animo
2332 3847 2509 3916 serre

370 3966 464 4033 ila
506 3965 881 4059 possimus.
943 3969 1201 4030 Verui’n
1247 3975 1476 4029 tuaene
1515 3962 1821 4029 caritatis
1870 3960 2219 4030 desiderio
2260 3963 2329 4030 in
2368 3961 2509 4032 hoc

369 4075 804 4164 satisfacere,
862 4074 1007 4164 vel,
1049 4074 1304 4142 humili
1341 4072 1575 4168 potius
1613 4073 2070 4141 excusatione
2112 4087 2455 4167 praetensa
2483 4129 2501 4163 ,

368 4192 458 4262 ab
507 4190 920 4286 hujusmodi
968 4189 1323 4260 scribendi
1389 4188 1628 4258 officio
1697 4190 2053 4270 conticere
2114 4203 2182 4256 et
2259 4214 2507 4258 vacare
