3400 5417
960 448 1076 506 ³86
1815 441 2224 519 nomeu,

958 600 1041 659 ut
1070 596 1314 684 pateat
1361 582 1623 680 legenti
1682 581 1991 653 nimium
2037 578 2245 655 facile
2290 582 2372 655 in
2411 602 2500 655 ea
2541 579 2914 683 provincia
2945 578 3083 651 bo-

958 700 1188 774 mines
1209 754 1231 793 ‚
1296 698 1513 771 etiam
1598 694 2059 793 quantumvis
2125 696 2412 792 quietos
2474 710 2550 769 et
2609 696 2806 797 pacis
2869 708 3087 792 atque

956 814 1483 913 tranquillitatis
1536 826 1892 885 amatores
1908 866 1928 903 ,
1979 811 2220 885 litibus
2270 813 2570 900 involvi,
2605 826 2678 885 et
2723 811 3088 885 involutos

959 931 1169 1005 anxie
1214 944 1290 1002 et
1328 928 1626 1000 moleste
1665 927 2059 1026 plurimum
2079 982 2099 1019 ,
2149 927 2414 1000 invitos
2453 928 2620 1001 licet
2635 982 2656 1021 ,
2701 928 2782 999 in
2834 926 2938 998 eis
2977 949 3088 997 re-

959 1046 1170 1119 tineri
1209 1069 1345 1117 nec
1374 1042 1471 1117 ab
1502 1044 1605 1115 eis
1637 1067 1847 1142 posse
1892 1041 2096 1114 facile
2126 1041 2470 1141 expediri.

1054 1166 1239 1235 Sane
1280 1185 1366 1233 ex
1404 1160 1518 1231 his
1553 1159 1817 1255 iniquis
1853 1157 2333 1256 compendiiS,
2370 1183 2532 1257 quae
2553 1182 2641 1231 ex
2670 1157 3091 1256 hujusmodi

958 1278 1240 1351 infinita
1288 1277 1521 1349 litium
1556 1289 1628 1346 et
1672 1297 2052 1346 causarum
2102 1274 2562 1347 multitudine
2605 1274 3044 1373 proveniunt
3063 1330 3084 1366 ,

959 1420 1142 1493 quas
1180 1410 1330 1467 tam
1388 1392 1591 1465 sacile
1634 1390 1957 1463 suscitari
2005 1403 2079 1462 et
2125 1390 2346 1463 semel
2378 1392 2747 1463 suscitatas
2775 1415 2940 1463 sero
2977 1390 3089 1461 vel

956 1534 1333 1609 nunquam
1362 1506 1728 1581 terminari
1759 1505 1874 1578 vel
1905 1504 2094 1577 finiri
2124 1505 2618 1603 hujuscemodi
2653 1506 2898 1605 patriae
2921 1529 3095 1578 con-

958 1627 1374 1700 suetudines
1435 1624 1835 1723 patiuntur,
1905 1622 2263 1697 conflatur
2327 1638 2401 1695 et
2465 1621 2846 1695 conficitur
2903 1647 3092 1695 unus

958 1758 1181 1817 status
1216 1742 1733 1832 advocatorum
1753 1794 1772 1832 ,
1819 1740 1944 1837 qui
1979 1742 2054 1811 in
2095 1740 2470 1838 provincia
2505 1738 2728 1813 hodie
2759 1753 2908 1811 tam
2939 1762 3090 1813 ma-

959 1884 1141 1956 gnus
1171 1873 1279 1929 est
1308 1873 1378 1930 et
1412 1872 1561 1929 tam
1591 1853 2065 1954 amplificatus
2085 1911 2105 1949 ,
2139 1870 2220 1927 ut
2244 1869 2537 1927 caeteros
2563 1879 2816 1928 omnes
2851 1856 3092 1954 patriae

960 1990 1180 2049 status
1223 1977 1290 2047 ei
1334 1972 1545 2047 subdi
1593 1987 1665 2045 et
1694 1986 1952 2071 'parere
1985 1972 2074 2045 sit
2119 1996 2431 2045 necesse.
2478 1973 2661 2044 Sunt
2710 1972 2908 2045 enim
2963 1996 3094 2043 nu-

960 2115 1163 2164 mero
1206 2105 1355 2163 tam
1389 2089 1593 2161 multi
1637 2112 1770 2185 per
1817 2088 2136 2160 civitates
2171 2088 2511 2184 singulas,
2549 2088 2846 2186 oppida,
2887 2088 3094 2160 villas

959 2223 1032 2279 et
1075 2231 1244 2280 rura
1290 2206 1561 2303 ubique
1598 2204 2036 2275 disseminati
2091 2218 2306 2301 atque
2355 2203 2703 2301 dispersi,
2735 2204 3094 2301 tantisque

962 2321 1225 2421 opibus
1260 2319 1467 2393 ditati
1486 2376 1507 2412 ,
1557 2343 1726 2389 cum
1762 2318 1964 2390 facile
2009 2342 2096 2389 ex
2138 2319 2284 2390 suis
2315 2318 2910 2392 advocationibus
2943 2344 3095 2391 ma-

964 2462 1138 2535 gnas
1206 2435 1340 2509 sihi
1418 2447 1839 2532 comparent
1930 2434 2208 2505 divitias
2227 2490 2246 2527 ‚
2337 2449 2440 2527 ut·
2491 2436 2708 2508 totius
2771 2436 3095 2534 profecto

962 2554 1350 2652 provinciae
1393 2550 2089 2624 administrationem
2139 2565 2211 2621 et
2257 2551 2576 2647 regimen
2622 2551 2697 2623 in
2749 2552 2898 2622 suis
2940 2574 3094 2623 ma-

967 2667 1180 2740 nibus
1216 2666 1485 2739 habere
1527 2664 1946 2755 videantur3
1997 2665 2094 2735 ita
2135 2666 2352 2736 etiam
2397 2679 2476 2735 ut
2520 2665 2798 2737 nobiles
2855 2667 3098 2764 patriae

966 2785 1068 2855 eis
1122 2806 1518 2877 eorumque
1569 2780 1732 2851 {iliis
1753 2835 1770 2869 ,
1837 2781 2002 2851 licet
2063 2778 2324 2878 plebeii
2386 2794 2460 2852 et
2517 2780 2854 2853 rusticani
2913 2781 3090 2869 sint,

969 2894 1149 2965 filias
1180 2918 1342 2964 suas
1376 2892 1732 2989 gaudeant
1763 2917 1836 2964 se
1869 2892 2333 2964 matrimonio
2396 2893 2737 2991 copulare
2782 2906 2860 2963 et
2882 2892 3098 2990 patri·

969 3010 1383 3081 moniorum
1426 3033 1722 3079 suorum
1756 3031 1881 3080 eos
1915 3008 2317 3105 relinquere
2351 3007 2670 3081 haeredoe
2701 3022 2772 3080 et
2798 3007 3091 3081 habene.

968 3127 1229 3196 Mirum
1287 3126 1482 3195 enim
1528 3126 1600 3195 in
1654 3123 1959 3194 modum
2012 3124 2334 3221 plerique
2369 3148 2455 3195 ex
2502 3126 2674 3223 ipsis
2729 3123 2806 3195 in
2855 3124 3098 3222 paucis

972 3242 1180 3315 annis
1221 3240 1313 3312 ad
1370 3264 1543 3338 opes
1600 3262 1898 3333 magnas
1952 3254 2023 3309 et
2080 3239 2320 3337 ampla
2364 3238 2796 3337 patrimonia
2847 3263 2934 3309 ex
2981 3238 3098 3311 tali

976 3357 1459 3453 negotiatione
1513 3355 1940 3445 evehuntur,
2001 3356 2102 3427 ita
2164 3369 2246 3426 ut
2300 3357 2376 3428 in
2431 3355 2931 3454 quinquennio
2987 3355 3098 3426 vel

974 3472 1347 3570 septennio
1371 3523 1390 3557 ‚
1431 3472 1553 3566 qui
1608 3495 1836 3541 unum
1883 3485 2050 3543 ante
2095 3470 2472 3543 denarium
2523 3472 2640 3543 vix
2675 3469 3091 3563 habehant,

975 3589 1431 3660 inveniantur
1498 3586 1902 3683 acquisiisse
1944 3612 2030 3657 ex
2083 3587 2578 3685 hujuscemodi
2630 3586 3098 3661 advocatione

979 3716 1332 3775 trecentos
1364 3759 1382 3795 ,
1446 3704 2008 3797 quadringentos
2055 3706 2168 3776 vel
2214 3704 2520 3803 amplius
2575 3728 2831 3777 aureos
2881 3705 3098 3775 annui

981 3817 1249 3888 reditus
1292 3818 1364 3887 in
1414 3818 1732 3915 pulchris
1784 3817 2149 3891 nobilibus
2189 3821 2471 3920 praediis
2518 3836 2590 3892 et
2629 3819 2882 3893 feodis.
2930 3823 3097 3891 Cor·

979 3934 1169 4005 rodit
1213 3934 1479 4031 quippe
1520 3949 1742 4006 status
1788 3936 1902 4007 ille
1944 3936 2459 4010 advocatorum
2503 3953 2572 4009 et
2615 3938 2852 4012 exedit
2889 3952 3097 4033 atque

977 4051 1247 4144 exsugit
1296 4065 1518 4121 totam
1565 4050 1811 4150 populi
1871 4054 2380 4147 substantiam3
2428 4056 2577 4152 qui,
2634 4080 2804 4126 cum
2850 4068 3096 4126 natura

976 4169 1140 4238 satis
1169 4181 1233 4235 et
1271 4166 1569 4238 nimium
1601 4225 1619 4258 ‚
1660 4169 1844 4266 proh
1881 4172 2090 4243 dolor
2130 4170 2145 4241 !
2187 4171 2521 4270 proclivis
2545 4172 2635 4243 sit
2667 4171 2760 4242 ad
2787 4171 2981 4260 lites,
3013 4194 3090 4241 ex
