3400 5417
1038 524 1111 581 31.
1583 525 2098 583 HISTORIARUM
2137 524 2496 583 LUDOVICI
2535 526 2618 580 XI

1034 656 1628 751 TornacensibuS,
1670 682 1794 730 eos
1827 658 1926 729 sic
1954 657 2216 729 abduci
2262 655 2830 756 inspicientibus,
2873 658 3148 755 plurimi

1037 775 1217 845 risus
1244 788 1313 846 et
1340 770 1628 845 ludibrii
1646 774 2045 866 materiam,
2068 773 2434 870 multaque
2453 772 2723 872 probra
2753 788 2968 870 atque
2996 798 3153 845 con-

1034 891 1359 962 tumelias
1375 890 1449 960 in
1470 890 1874 987 Flamingos
1907 889 2250 986 jaciendi,
2287 890 2521 961 attulit
2539 905 2610 962 et
2639 887 2969 988 praebuit.
3006 894 3154 960 Per-

1031 1003 1370 1076 diderunt
1402 1020 1643 1078 autem
1672 1021 1741 1077 et
1771 1006 1904 1104 ipsi
1931 1006 2275 1101 Flamingi
2304 1020 2477 1076 ωηο
2511 1006 2879 1078 machinas
2905 1006 3153 1077 multas

1026 1119 1263 1193 bellici
1288 1122 1734 1194 instrumenti
1757 1181 1775 1215 ,
1816 1146 1993 1218 quas
2017 1124 2232 1193 etiam
2251 1122 2386 1221 ipsi
2407 1123 2659 1194 Franci
2679 1122 3144 1195 abduxerunt.

1018 1239 1159 1323 Qui
1195 1253 1433 1311 autem
1486 1240 1751 1312 residui
1790 1239 2076 1308 suerunt
2109 1262 2194 1308 ex
2230 1238 2765 1333 Flamingorum
2806 1240 3146 1327 exercitu,

1019 1353 1093 1423 in
1140 1356 1432 1451 propria
1482 1381 1632 1426 sese
1682 1366 2142 1451 receperunt,
2192 1378 2323 1424 nec
2369 1353 2737 1426 audebant
2791 1379 2922 1453 per
2972 1354 3150 1425 mul-

1021 1482 1130 1538 tos
1169 1468 1320 1540 dies
1354 1470 1542 1541 exire
1586 1471 1879 1541 obviam
1931 1470 2242 1562 FranciS,
2288 1470 2383 1540 ita
2427 1470 2672 1542 animo
2727 1471 3150 1541 consternati

1020 1584 1433 1658 manebant.

1118 1706 1202 1771 Et
1232 1702 1554 1800 profecto
1589 1702 1646 1771 si
1680 1726 1803 1772 rex
1852 1717 2024 1772 tunc
2059 1704 2430 1801 temporiS,
2486 1702 2763 1774 cunctis
2806 1704 2904 1774 ita
2941 1720 3150 1775 exter-

1017 1818 1167 1888 ritis
1206 1818 1395 1915 (post
1461 1817 1727 1888 scilicet
1780 1817 2279 1913 hujuscemodi
2339 1819 2645 1890 Atrebati
2703 1833 2774 1889 et
2829 1818 3146 1917 oppiduli

1019 1934 1326 2005 Avennis
1345 1934 1976 2032 expugnationem,
2012 1935 2688 2032 Flamingorumque
2713 1934 3144 2033 profligatio-

1018 2046 1238 2141 nem),
1265 2070 1430 2117 cum
1448 2046 1700 2143 copiiS,
1719 2070 1896 2142 quas
1921 2060 2092 2117 tunc
2115 2048 2459 2118 maximas
2491 2045 2830 2138 habebat,
2857 2060 2929 2118 et
2958 2046 3147 2118 belli-

1016 2161 1115 2232 cis
1146 2161 1632 2234 instrumentis
1670 2161 2168 2233 incunctanter
2201 2178 2414 2258 atque
2450 2163 2741 2233 viriliter
2793 2186 3147 2257 aggressus

1015 2277 1248 2348 suisset
1274 2295 1494 2350 terras
1514 2278 1739 2349 Fland
1749 2280 1890 2371 riae,
1913 2280 2311 2350 Hannoniae
2330 2295 2542 2376 atque
2565 2278 2988 2371 Brabantiae,
3011 2280 3146 2350 nul·

1010 2394 1120 2464 lus
1148 2395 1237 2464 ad
1260 2395 1772 2492 opponendam
1788 2394 2059 2467 viribus
2084 2397 2226 2467 suis
2256 2397 2725 2469 resistentiam
2749 2398 3141 2493 cogitasset,

1012 2510 1135 2581 sed
1167 2513 1545 2607 quaesiisset
1580 2514 1653 2582 in
1707 2514 1999 2607 singulis
2029 2514 2339 2611 oppidiS,
2380 2515 3010 2611 appropinquante
3066 2514 3144 2583 ad

1012 2651 1136 2698 eos
1164 2630 1509 2731 exercitu,
1554 2653 1732 2722 quas
1766 2630 2178 2700 melioribus
2206 2630 2530 2701 obtinere
2560 2631 2962 2728 potuissent
2991 2630 3145 2727 legi·

1016 2740 1150 2813 bus
1188 2757 1256 2812 et
1284 2743 1822 2814 conditionibus
1861 2745 2120 2841 passim
2158 2744 2595 2816 deditionem
2632 2745 2890 2817 facere.
2941 2750 3142 2817 Erant

1014 2858 1281 2954 quippe
1329 2873 1501 2929 ωηο
1558 2858 1917 2955 acephali,
1968 2874 2038 2929 et
2083 2884 2282 2955 paene
2328 2862 2478 2957 jam
2524 2876 2670 2932 tam
2707 2860 2798 2929 de
2833 2860 3138 2932 adventu

1018 2971 1461 3066 imperatoris
1494 2998 1712 3068 quam
1743 2973 1864 3043 filii
1905 2974 2013 3044 sui
2049 2973 2542 3071 desperanteS,
2585 3000 2672 3045 eo
2708 2976 2910 3072 quod
2951 2977 3138 3047 multi

1014 3087 1448 3158 transiissent
1482 3113 1761 3159 menses
1789 3106 2204 3187 postquam,
2240 3090 2438 3184 juxta
2480 3091 3032 3187 pollicitationes
3083 3106 3141 3162 et

1017 3205 1523 3298 promissiones
1582 3207 1835 3301 saepius
1897 3221 1966 3277 et
2028 3205 2454 3277 creberrime
2515 3208 2616 3277 eis
2675 3207 2938 3299 factas,
3003 3209 3138 3305 jam

1016 3318 1431 3390 adventasse
1474 3319 1896 3390 debuerant.
1960 3326 2100 3391 Nec
2154 3322 2470 3418 profecto
2525 3322 2614 3393 de
2661 3324 2994 3421 parando
3042 3350 3138 3394 re-

1018 3433 1257 3503 medio
1300 3450 1551 3505 contra
1592 3461 2076 3530 aggressuram
2121 3439 2301 3531 regis
2343 3454 2410 3507 et
2457 3439 2833 3509 imminens
2878 3440 3136 3511 eisdem

1016 3551 1449 3644 periculum,
1506 3551 1775 3646 aliquid
1823 3553 2372 3650 disponebant¹3
2429 3555 2550 3625 sed
2602 3555 2869 3651 ubique
2929 3558 3139 3627 ferme

1016 3688 1099 3733 ac
1130 3690 1253 3760 per
1279 3665 1662 3757 insigniora
1692 3668 2056 3763 potissime
2088 3693 2384 3762 quaeque
2415 3670 2716 3767 oppida,
2745 3670 2940 3741 cives
2969 3672 3138 3740 inter

1016 3802 1089 3847 se
1144 3794 1210 3848 et
1265 3779 1520 3876 plebeii
1575 3783 1951 3852 adversum
2011 3783 2451 3854 nobilitatem
2502 3784 2884 3855 seditiones
2935 3802 3135 3881 atque

1015 3894 1401 3965 simultates
1452 3897 1900 3968 exercebant.

1118 4014 1269 4077 Non
1304 4012 1537 4104 itaque
1581 4012 1866 4084 difficile
1914 4028 2058 4083 erat
2097 4017 2267 4107 regi,
2318 4016 2529 4087 tantis
2568 4016 2862 4113 praedito
2917 4016 3133 4115 copiis

1092 4257 1147 4312 1.
1200 4253 1542 4327 Dispouebat
1576 4256 1716 4311 dans
1748 4258 1798 4311 le
1827 4276 1933 4314 ms.
