3400 5417
1099 535 1322 592 LIBER
1380 533 1763 592 SEPTIMUS.
2373 535 2487 590 157

1054 801 1570 873 CAPITULUM
1625 803 1779 872 vll.

367 1003 646 1073 Quomodo
670 1023 702 1060 a
722 1004 858 1059 duce
881 1004 1106 1058 Austrioe
1129 1004 1310 1059 civitas
1327 1004 1675 1078 Trajectensis
1697 1003 1908 1056 obsessa
1934 1002 2056 1068 fuit,
2079 1013 2131 1055 et
2158 999 2227 1054 de
2244 998 2329 1054 his
2348 1018 2486 1072 qun,

847 1145 858 1152 ,
927 1087 1154 1143 durante
1187 1088 1490 1156 obsidione,
1513 1089 1853 1160 contigerunt
1878 1089 1921 1139 ¹.

459 1271 610 1339 Non
657 1266 966 1339 multum
1011 1291 1182 1339 vero
1230 1281 1426 1363 post,
1480 1269 1669 1338 circa
1722 1265 2169 1337 festivitatem
2227 1265 2489 1336 Nativi-

369 1384 512 1455 tatis
546 1383 737 1455 beati
779 1382 1128 1454 Johannis
1165 1383 1486 1480 Baptistae
1513 1387 1569 1470 ²,
1618 1382 2124 1454 illustrissimus
2163 1383 2494 1482 princeps

367 1499 908 1591 MaximilianuS,
948 1498 1089 1569 dux
1131 1499 1452 1590 Austriae,
1491 1498 1936 1595 compatiens
1966 1498 2283 1596 piissimo
2314 1523 2495 1596 pon-

367 1613 521 1684 tifici
540 1671 558 1706 ‚
589 1615 715 1712 qui
751 1615 852 1685 sic
877 1638 920 1686 a
953 1613 1432 1706 Clivensibus,
1465 1612 1793 1685 hostibus
1821 1615 2037 1684 etiam
2061 1615 2237 1699 suiS,
2267 1615 2494 1687 fuerat

365 1732 879 1803 circumventus
908 1747 979 1802 et
1009 1746 1257 1828 captus
1285 1731 1530 1827 (quem
1565 1733 1697 1828 ipsi
1735 1732 1824 1803 de
1856 1731 2178 1827 Trajecto
2216 1737 2494 1804 Amers-

367 1847 658 1919 fordiam
712 1849 1341 1944 transporta1·unt⁸‚
1393 1871 1483 1917 ne
1539 1847 1720 1918 forte
1776 1844 1872 1917 ob
1926 1847 2146 1943 ipsius
2190 1872 2495 1945 praesen-

367 1963 524 2034 tiam
551 1962 772 2058 aliqui
798 1963 869 2034 in
897 1963 1178 2033 civitate
1203 1987 1314 2032 res
1339 1986 1564 2034 novas
1591 1963 1829 2033 moliri
1860 1963 2487 2059 aggrederentur),

364 2079 651 2152 collecto
687 2079 928 2150 valido
964 2079 1276 2149 exercitu
1308 2079 1586 2149 circiter
1614 2079 1707 2150 ad
1737 2079 1884 2149 duo
1911 2080 2131 2150 millia
2172 2081 2492 2175 equitum

363 2209 427 2264 et
465 2195 713 2268 decem
762 2210 887 2267 aut
933 2195 1320 2266 duodecim
1363 2194 1582 2266 millia
1633 2194 1990 2293 peditum,
2049 2196 2274 2293 ipsam
2318 2197 2492 2267 civi-

363 2325 564 2383 tatem
615 2311 998 2384 obsidione
1063 2313 1284 2382 cinxit
1334 2328 1405 2383 et
1455 2312 1774 2404 vallavit,
1844 2337 1994 2384 non
2055 2314 2346 2408 quidem
2405 2340 2491 2386 ex

363 2429 547 2499 omni
615 2445 856 2528 parte,
922 2429 1046 2499 sed
1099 2455 1184 2499 ex
1245 2454 1330 2501 ea
1391 2429 1700 2500 maxime
1756 2428 1951 2500 unde
2011 2428 2313 2501 obsessis
2380 2432 2493 2502 vel

361 2566 652 2616 annonae
723 2544 1073 2632 subsidia,
1156 2546 1260 2616 vel
1341 2570 1716 2616 succursus
1792 2546 2043 2617 solatia
2114 2547 2494 2643 provenire

363 2662 774 2756 potuissent.

449 2777 766 2848 Admotis
827 2793 1064 2848 autem
1143 2779 1234 2849 ad
1305 2780 1566 2849 moenia
1623 2794 1693 2849 et
1764 2794 1989 2849 turres
2060 2779 2493 2874 dejiciendas

361 2894 672 2987 petrariis
716 2917 800 2964 ac
837 2892 1142 2984 balistis,
1191 2917 1523 2987 magnam
1561 2895 1749 2964 muri
1791 2910 2069 2992 partem
2101 2897 2290 2966 circa
2322 2922 2491 2996 por·

365 3021 530 3102 tam,
598 3036 760 3106 quae
831 3011 1066 3080 vicina
1118 3025 1222 3080 est
1273 3011 1707 3079 monasterio
1782 3011 2269 3105 religiosarum
2335 3039 2490 3108 quae

361 3125 560 3218 vulgo
597 3125 787 3195 Alban
823 3127 1147 3195 Domina*
1181 3140 1555 3214 xocantur,
1596 3126 1873 3220 dejecit.
1921 3127 2136 3212 Quod
2175 3129 2493 3202 videntes

362 3242 870 3338 Eughelbertus
940 3242 1394 3332 domicelluS,
1470 3242 1806 3312 dominus
1868 3243 1958 3313 de
2028 3250 2372 3343 Montfort
2422 3262 2490 3318 et

361 3355 466 3425 alii
527 3359 650 3454 qui
706 3358 778 3427 in
823 3357 1103 3427 civitate
1147 3371 1384 3442 erant,
1432 3370 1502 3426 et
1545 3381 1672 3452 per
1722 3383 1881 3428 eam
1924 3375 2198 3454 partem
2246 3362 2490 3433 civita-

360 3485 490 3541 tem
563 3474 956 3570 expugnari
997 3486 1429 3558 metuenteS,
1485 3471 1656 3542 dato
1708 3473 1807 3543 eis
1854 3500 2103 3544 securo
2166 3499 2483 3569 accessu,

359 3585 581 3682 ipsum
663 3589 1216 3660 illustrissimum
1304 3587 1680 3658 dominum
1770 3588 2027 3659 ducem
2114 3591 2483 3684 adierunt,

359 3706 704 3801 supplices
765 3705 858 3776 ab
927 3730 1015 3774 eo
1082 3729 1333 3802 pacem
1407 3705 1740 3800 petituri,
1807 3705 2360 3802 obtuleruntque
2416 3733 2489 3778 se

360 3818 792 3894 deditionem
843 3823 1187 3912 facturos,
1246 3821 1300 3890 si
1360 3821 1459 3889 eis
1523 3836 1763 3912 certae,
1817 3846 1993 3917 quas
2051 3820 2481 3918 poscebant,

439 4001 492 4054 1.
537 3997 808 4074 Chapitm
845 3996 1110 4073 imprimi·
1155 3996 1295 4052 dans
1340 3996 1422 4052 les
1467 4000 1745 4052 Amelccla
1793 3996 1864 4054 de
1904 3995 2205 4054 Matthaeus
2250 4010 2307 4052 et
2345 3997 2487 4054 dans

360 4089 760 4166 l‘.-!111plissin1a
787 4095 1057 4148 collectio.

434 4187 492 4243 9..
539 4185 642 4243 Fin
675 4185 746 4242 de
769 4185 896 4256 juin
929 4187 1111 4242 1483.

440 4283 493 4338 3.
543 4284 690 4356 νος.
721 4278 998 4336 ci-dessus
1029 4322 1042 4346 ,
1077 4298 1132 4356 p.
1171 4282 1282 4335 153
1305 4321 1321 4346 ,
1351 4290 1486 4333 note
1521 4281 1577 4332 2.
