3400 5417
1223 501 1446 556 LIBER
1487 501 1787 560 PRIMUS.
2460 505 2575 562 269

544 635 630 702 Et
660 631 820 704 talis
847 633 1094 727 utique
1116 633 1245 702 fuit
1271 632 1612 705 simulatae
1643 649 1717 704 et
1737 633 1911 706 dolo
1930 635 2255 706 confictae
2279 635 2579 734 praefatae

439 749 813 843 legationis
856 747 1170 820 effectus.
1219 751 1395 835 Quae
1445 748 1769 847 profecto
1814 775 1965 823 non
2003 749 2102 822 ob
2141 749 2336 825 aliud
2370 753 2578 826 fuisse

439 865 837 959 excogitata
869 865 1093 937 videri
1133 867 1403 966 potuit,
1459 864 1593 938 nisi
1644 880 1726 937 ut
1769 866 2099 965 praefatus
2130 871 2581 956 Normanniae

442 980 617 1072 dux,
648 979 739 1051 de
771 980 888 1052 illa
923 1005 1051 1053 sua
1095 1005 1356 1078 magna
1390 979 1573 1053 urbe
1608 967 2166 1078 Rothomagensi
2197 1000 2574 1080 extractuS,

439 1098 515 1168 in
553 1119 697 1192 qua
730 1097 994 1168 talibus
1033 1096 1308 1169 insidiis
1349 1121 1500 1169 non
1535 1096 1740 1170 facile
1777 1099 2277 1172 circumveniri
2314 1103 2583 1200 potuis-

441 1227 584 1306 set,
637 1212 730 1286 ad
765 1214 1047 1311 patulos
1082 1214 1303 1285 saltus
1353 1212 1799 1306 educeretur,
1840 1216 1915 1286 in
1953 1215 2215 1312 quibus
2254 1243 2421 1289 cum
2450 1219 2583 1289 mi-

444 1331 604 1401 nori
637 1328 1052 1402 difficultate
1081 1313 1350 1401 retibus
1386 1327 1456 1401 et
1489 1328 1763 1426 laqueis
1787 1347 2213 1404 venatorum
2247 1331 2583 1405 concludi

442 1462 514 1517 et
541 1447 887 1519 coarctari
928 1447 1281 1517 valuisset.
1329 1447 1564 1531 Quem
1593 1469 1761 1515 cum
1798 1446 1895 1516 ita
1929 1446 2063 1518 illis
2093 1446 2432 1519 eductum
2458 1474 2582 1547 pe-

443 1564 683 1634 riculis
714 1578 785 1635 et
807 1577 1309 1660 praeservatum
1337 1559 1548 1631 fuisse
1586 1561 1679 1632 ab
1712 1563 1985 1634 insidiis
2013 1589 2164 1635 non
2192 1564 2585 1659 ignorasset

443 1705 565 1751 rex
600 1680 860 1751 nostris
898 1694 1138 1752 actum
1169 1677 1512 1767 consiliis,
1547 1702 1694 1750 non
1731 1678 2144 1752 dubitamus
2190 1681 2366 1776 quin
2416 1708 2583 1753 cau-

443 1797 535 1866 sis
563 1820 607 1866 a
641 1793 1079 1894 nobis-prius
1113 1793 1449 1891 expositis
1478 1792 1634 1863 haec
1665 1795 1882 1865 etiam
1914 1797 2436 1868 incrementum
2473 1799 2582 1868 in-

444 1914 875 2009 dignationis
903 1911 1240 2006 adjecerit
1267 1907 1811 2004 acerbitatisque
1839 1912 2170 1982 nonnihil
2199 1912 2577 2005 addiderit,

444 2055 611 2101 cum
644 2055 718 2101 se
755 2043 999 2125 optata
1037 2041 1105 2096 et
1135 2025 1600 2096 vehementer
1626 2027 2014 2124 concupita
2046 2028 2266 2126 ipsius
2289 2030 2397 2098 sui
2436 2052 2584 2124 ger-

445 2148 639 2218 mani
688 2144 1258 2243 deprehensione
1297 2142 1647 2214 inveniret
1697 2143 1960 2214 nostris
2003 2145 2303 2214 consilio
2340 2159 2411 2215 et
2456 2169 2579 2217 co-

443 2261 850 2334 hortatione
889 2259 1240 2333 delusum.

1149 2538 1659 2608 CAPITULUM
1712 2537 1834 2606 Vll
1849 2590 1863 2604 .

847 2724 1020 2777 Aliam
1045 2741 1256 2776 causam
1285 2724 1438 2796 regias
1458 2723 1843 2796 indignationis
1866 2725 2161 2781 continens.

549 2896 718 2968 lnde
755 2921 925 2968 vero
953 2950 973 2986 ,
1014 2895 1280 2967 scilicet
1317 2920 1403 2966 ex
1441 2894 1945 2967 Ponte-Archae
1970 2952 1989 2986 ‚
2044 2921 2212 2967 cum
2264 2895 2455 2967 idem
2505 2897 2581 2966 il·

446 3015 904 3084 lustrissimus
944 3013 1090 3084 dux
1139 3013 1665 3107 Rothomagum
1710 3014 1783 3083 in
1835 3027 1987 3084 tuto
2044 3039 2117 3084 se
2157 3015 2529 3112 recepisset
2558 3069 2577 3103 ,

450 3132 521 3200 in
564 3129 715 3202 dies
748 3155 832 3200 ex
864 3129 1075 3200 variis
1104 3128 1280 3199 locis
1317 3128 1788 3199 accurrebant
1838 3130 2068 3199 nuntii
2102 3131 2263 3224 qui,
2310 3155 2395 3201 ea
2427 3156 2583 3225 quae

449 3269 577 3343 per
621 3270 858 3338 regem
910 3244 1413 3333 actitabantur,
1469 3245 1881 3313 nuntiarent
1924 3271 1939 3311 :
1981 3245 2283 3338 qualiter
2322 3245 2583 3315 scilicet

450 3360 720 3458 oppida
752 3375 821 3431 et
859 3360 1143 3431 castella
1177 3373 1389 3455 atque
1422 3360 1737 3429 civitates
1770 3359 2219 3428 Boi-manniae
2243 3414 2261 3449 ,
2308 3374 2381 3428 ut
2423 3362 2585 3430 Ver-

451 3503 747 3567 nonem,
797 3476 1305 3547 Carentonium
1334 3532 1353 3565 ,
1397 3477 1773 3565 Oximmn,
1823 3475 2206 3566 Falesiam,
2259 3477 2579 3570 Sagium¹

451 3593 729 3688 aliaque
765 3593 1070 3690 plurima
1099 3592 1284 3673 loca,
1324 3592 1692 3687 ipsamque
1722 3592 2075 3661 civitatem
2112 3606 2429 3662 nostram
2462 3596 2583 3661 Le-

456 3711 771 3796 xoviiun,
799 3735 974 3805 quas
997 3708 1238 3804 paucis
1262 3721 1426 3778 ante
1453 3707 1707 3777 diebus
1737 3707 1869 3776 sul)
1900 3708 2291 3777 arctissimo
2326 3708 2585 3779 foedere

451 3841 524 3895 et
555 3826 974 3896 sacramenti
1007 3825 1345 3917 religione
1376 3823 1656 3894 firmato
1688 3823 1880 3892 (licto
1916 3849 2256 3918 germano
2294 3851 2424 3921 pro
2460 3851 2585 3897 sua

451 3942 762 4035 legitima
801 3956 1111 4038 paternae
1155 3940 1580 4011 haereditatis
1622 3942 1951 4035 portione
2001 3942 2421 4034 assignarat,
2461 3940 2584 4010 de-

459 4082 604 4129 nuo
654 4058 1024 4155 recepisset
1053 4055 1256 4127 etad
1292 4081 1492 4126 suam
1553 4057 1980 4152 reposuisset
2012 4081 2306 4127 manum
2332 4110 2349 4142 ,
2394 4081 2587 4126 enm-

544 4241 600 4294 1.
648 4238 880 4293 Vei-non
904 4280 917 4306 ,
949 4237 1231 4293 Carentan
1254 4278 1268 4302 ,
1301 4239 1509 4292 Exmes
1530 4278 1544 4304 ,
1577 4235 1794 4292 Palaise
1816 4278 1829 4304 ,
1864 4236 2020 4292 Seez.
