3400 5417
1014 547 1130 604 260
1566 540 2082 600 HISTORIARUM
2122 539 2481 602 Lunovlcl
2521 545 2607 600 XI

1014 678 1382 778 quaedam,
1452 692 1524 748 et
1587 675 1885 774 quidem
1940 675 2031 746 de
2089 676 2634 775 quamplurimis
2675 699 2891 775 pauca
2943 681 3106 750 eolli-

1014 812 1281 893 genteS,
1321 795 1412 866 de
1458 793 1568 864 his
1621 793 2011 893 praesertim
2047 817 2203 891 quae
2237 794 2313 864 in
2370 793 2772 866 novissimis
2804 795 2951 866 vitae
2991 819 3108 866 suae

1018 910 1463 1010 temporibus
1491 913 1660 1007 egit,
1691 912 1885 980 velut
1907 910 2273 1008 epilogum
2300 909 2691 1008 quemdam
2721 913 3109 984 texuerimus

1011 1035 1357 1103 virtutum
1393 1051 1710 1101 suarum.·

1115 1153 1220 1218 De
1271 1173 1591 1246 personae
1645 1143 1939 1243 quidem
1992 1147 2212 1243 ipsius
2266 1147 2619 1241 elegantia
2662 1160 2734 1218 et
2786 1162 3111 1220 venustate

1015 1289 1164 1335 non
1224 1289 1405 1362 opus
1464 1279 1569 1334 est
1613 1264 1894 1354 dicere3
1957 1263 2117 1358 qui,
2169 1286 2338 1333 cum
2394 1288 2604 1336 crura
2637 1277 2709 1334 et
2739 1264 2942 1336 tibias
2984 1289 3113 1362 per-

1015 1383 1228 1453 exiles
1308 1383 1607 1454 haberet
1642 1439 1660 1474 ,
1753 1382 1926 1454 facie
2008 1394 2245 1451 tamen
2312 1379 2495 1454 nihil
2576 1383 2972 1480 speciosum
3030 1383 3110 1451 vel

1015 1499 1362 1570 decorum
1399 1498 1740 1569 habebat.
1801 1498 2029 1585 Quin,
2074 1497 2133 1569 si
2181 1498 2605 1568 occurrisset
2652 1495 3115 1593 obviusjgno-

1016 1618 1196 1686 ranti
1255 1641 1459 1707 eum,
1510 1615 1751 1712 potius
1804 1637 2049 1686 scurra
2098 1615 2209 1685 vel
2255 1613 2587 1706 bibulus,
2644 1615 2753 1686 vel
2802 1613 3115 1712 quispiam

1016 1731 1171 1801 vilis
1205 1731 1676 1818 conditionis,
1734 1752 1953 1825 quam
2004 1753 2128 1800 rex
2159 1729 2272 1800 vel
2320 1730 2549 1801 homo
2600 1729 2899 1825 alicujus
2928 1729 3118 1825 digni·

1016 1850 1174 1919 tatis
1213 1847 1539 1917 aestimari
1572 1847 1940 1944 potuisset.
2008 1845 2213 1916 Unde
2241 1871 2284 1917 a
2308 1845 2713 1939 nonnulliS,
2743 1847 3119 1944 priusquam

1020 1965 1288 2057 obiret,
1320 1966 1644 2063 leprosus
1676 1965 1886 2035 fuisse
1920 1978 2227 2035 assertus
2258 1979 2387 2035 est.
2425 1964 2555 2036 Cui
2584 1979 2657 2035 et
2687 1964 3119 2036 conveniebat

1019 2082 1217 2179 quod
1271 2108 1419 2153 non
1460 2107 1818 2179 purpura,
1860 2095 1936 2151 ut
1990 2107 2147 2171 rex,
2208 2082 2319 2152 vel
2356 2098 2548 2152 veste
2580 2082 2823 2179 aliqua
2856 2084 3121 2180 pretiosa

1018 2213 1087 2268 et
1131 2199 1372 2286 talari,
1419 2213 1497 2268 ut
1534 2212 1901 2293 magnates
1952 2197 2201 2288 decet,
2260 2197 2387 2268 sed
2432 2197 2556 2268 vili
2607 2197 3035 2293 frequentius
3072 2211 3121 2265 et

1019 2315 1377 2384 interdum
1409 2314 1498 2386 ad
1531 2330 1730 2386 nates
1755 2339 1979 2410 usque
1998 2314 2367 2385 dumtaxat
2387 2313 2848 2412 operiebatur
2870 2315 3119 2386 amictu.

1023 2432 1230 2501 Unde
1259 2457 1512 2522 unum,
1555 2432 1753 2529 quod
1790 2447 2171 2529 propterea
2198 2432 2273 2501 in
2302 2455 2469 2502 eum
2502 2431 2799 2503 ridicule
2822 2431 3125 2528 jactatum

1018 2563 1156 2634 est,
1217 2541 1534 2620 retulisse
1582 2549 1798 2643 hujus
1850 2548 1949 2618 rei
1998 2549 2218 2644 gratia
2255 2573 2405 2618 non
2437 2547 2734 2646 pigebit.

1123 2670 1302 2735 Cum
1346 2667 1539 2736 enim
1587 2666 1822 2762 prima
1863 2666 2011 2734 vice
2046 2689 2189 2759 qua
2225 2662 2653 2762 oppidulum
2696 2662 3128 2737 Abbatisvillae

1022 2797 1186 2881 post
1214 2796 1591 2877 acceptum
1624 2807 1928 2875 regnum
1963 2782 2371 2874 ingressus¹,
2395 2805 2657 2874 magna
2685 2807 2857 2853 cum
2885 2805 3130 2879 exspec-

1028 2903 1295 2972 tatione
1323 2914 1386 2966 et
1419 2899 1775 2968 desiderio
1809 2898 2100 2968 videndi
2132 2923 2404 2968 novum
2440 2923 2706 2994 regem,
2736 2924 2810 2969 se
2854 2915 2997 2970 tam
3026 2923 3129 2994 op·

1028 3018 1217 3116 pidi,
1272 3040 1487 3111 quam
1549 3015 2133 3087 suburbanorum
2187 3016 2374 3086 cives
2428 3017 2501 3084 in
2553 3017 2748 3087 vicos
2798 3031 2872 3087 et
2909 3018 3132 3115 plateas

1029 3133 1475 3224 ell'udissent,
1501 3149 1567 3201 et
1599 3134 1838 3230 plures
1866 3133 2081 3201 horas
2104 3132 2281 3223 diei,
2309 3157 2392 3202 ea
2412 3135 2941 3229 exspectatione
2967 3147 3028 3202 et
3044 3131 3133 3199 de-

1029 3252 1288 3323 siderio
1341 3253 1702 3347 suspensi,
1768 3251 1841 3319 in
1896 3248 2165 3318 eisdem
2216 3249 2384 3319 vicis
2441 3264 2510 3318 et
2566 3250 2815 3346 plateis
2874 3247 3134 3347 publicis

1033 3369 1612 3465 permansissent,
1669 3366 1927 3436 accidit
1981 3380 2095 3452 ut,
2159 3391 2245 3434 eo
2303 3380 2711 3437 transeunte
2748 3392 2879 3466 per
2915 3364 3133 3436 subur-

1039 3487 1305 3580 banum
1345 3485 1586 3580 oppidi
1612 3539 1628 3568 ,
1675 3483 1969 3578 quidam
2011 3507 2175 3550 eum
2217 3485 2681 3577 interrogaret
2715 3485 3005 3580 quando
3042 3506 3131 3551 rex

1035 3605 1271 3671 venire
1308 3602 1638 3690 deberet3
1696 3601 1889 3669 nulla
1936 3599 2165 3688 enim,
2236 3626 2464 3696 neque
2515 3601 2723 3687 faeie,
2794 3626 3016 3696 neque
3045 3623 3137 3694 ap-

1033 3734 1323 3815 pmatu,
1395 3743 1626 3812 ncqm
1688 3717 1989 3787 xestinin
2043 3731 2301 3786 ornatu
2371 3717 2477 3786 vel
2541 3718 2959 3815 splendore,
3012 3717 3139 3812 plus

1032 3861 1248 3931 quan]
1311 3836 1612 3906 sanudus
1663 3835 1916 3929 aliquis
1981 3849 2049 3902 (t
2108 3836 2461 3931 quispiam
2516 3834 2673 3904 vilis
2744 3831 3138 3905 conditionis

1030 3953 1193 4036 ‹512›st
1207 3953 1346 4021 {inii
1357 3979 1386 4018 5
1451 3953 1713 4021 infida
1776 3949 2194 4020 ostentabat.
2277 3953 2400 4020 (lui
2450 3977 2614 4020 (um
2676 3977 2789 4021 tex
2849 3953 2993 4048 ipse
3054 3972 3137 4016 1e·

1029 4095 1252 4165 spoia}
1243 4097 1322 4136 ιει
1330 4086 1402 4138 tl
1464 4070 1662 4163 quod
1712 4071 2006 4165 ipsemet
2074 4094 2187 4137 nex
2240 4085 2449 4156 esset,
2509 4069 2744 4138 statim
2816 4069 2998 4139 idem
3041 4063 3134 4158 qui

1120 4309 1171 4357 1.
1225 4307 1303 4356 ῐῖῐι
1350 4307 1520 4359 1413'3.
