<?xml version="1.0" encoding="UTF-8"?>
<!DOCTYPE html PUBLIC "-//W3C//DTD XHTML 1.0 Transitional//EN"
    "http://www.w3.org/TR/xhtml1/DTD/xhtml1-transitional.dtd">
<html xmlns="http://www.w3.org/1999/xhtml" xml:lang="en" lang="en">
 <head>
  <title>
</title>
<meta http-equiv="Content-Type" content="text/html;charset=utf-8" />
  <meta name='ocr-system' content='tesseract 3.04.00' />
  <meta name='ocr-capabilities' content='ocr_page ocr_carea ocr_par ocr_line ocrx_word'/>
</head>
<body>
  <div class='ocr_page' id='page_1' title='image "./histoiredesrgne00unkngoog_0379.png"; bbox 0 0 3400 5417; ppageno 0'>
   <div class='ocr_carea' id='block_1_1' title="bbox 1196 434 2536 503">
    <p class='ocr_par' dir='ltr' id='par_1_1' title="bbox 1196 434 2536 503">
     <span class='ocr_line' id='line_1_1' title="bbox 1196 434 2536 503; baseline 0.001 -14"><span class='ocrx_word' id='word_1_1' title='bbox 1196 434 1417 503; x_wconf 64' lang='lat' dir='ltr'><strong>mmm</strong></span> <span class='ocrx_word' id='word_1_2' title='bbox 1457 434 1760 499; x_wconf 65' lang='lat' dir='ltr'><strong>munus,</strong></span> <span class='ocrx_word' id='word_1_3' title='bbox 2422 435 2536 491; x_wconf 77' lang='lat'><strong>335</strong></span> 
     </span>
    </p>
   </div>
   <div class='ocr_carea' id='block_1_2' title="bbox 390 564 2549 2059">
    <p class='ocr_par' dir='ltr' id='par_1_2' title="bbox 390 564 2534 783">
     <span class='ocr_line' id='line_1_2' title="bbox 392 564 2534 663; baseline -0.001 -24"><span class='ocrx_word' id='word_1_4' title='bbox 392 568 750 663; x_wconf 79' lang='lat' dir='ltr'><strong>fregisse,</strong></span> <span class='ocrx_word' id='word_1_5' title='bbox 792 581 1005 663; x_wconf 90' lang='lat' dir='ltr'><strong>atque</strong></span> <span class='ocrx_word' id='word_1_6' title='bbox 1058 566 1274 645; x_wconf 87' lang='lat' dir='ltr'><strong>etiam</strong></span> <span class='ocrx_word' id='word_1_7' title='bbox 1326 566 1401 639; x_wconf 91' lang='lat' dir='ltr'><strong>in</strong></span> <span class='ocrx_word' id='word_1_8' title='bbox 1448 564 1827 663; x_wconf 87' lang='lat' dir='ltr'><strong>semetipso</strong></span> <span class='ocrx_word' id='word_1_9' title='bbox 1867 578 1939 644; x_wconf 85' lang='lat' dir='ltr'><strong>et</strong></span> <span class='ocrx_word' id='word_1_10' title='bbox 1985 588 2154 651; x_wconf 85' lang='lat' dir='ltr'><strong>casu</strong></span> <span class='ocrx_word' id='word_1_11' title='bbox 2199 566 2494 663; x_wconf 90' lang='lat' dir='ltr'><strong>proprio</strong></span> <span class='ocrx_word' id='word_1_12' title='bbox 2514 622 2534 659; x_wconf 92' lang='lat'><strong>,</strong></span> 
     </span>
     <span class='ocr_line' id='line_1_3' title="bbox 390 681 1416 783; baseline -0.002 -26"><span class='ocrx_word' id='word_1_13' title='bbox 390 684 1047 783; x_wconf 85' lang='lat' dir='ltr'><strong>compertissimum</strong></span> <span class='ocrx_word' id='word_1_14' title='bbox 1078 681 1416 757; x_wconf 82' lang='lat' dir='ltr'><strong>haberet!</strong></span> 
     </span>
    </p>

    <p class='ocr_par' dir='ltr' id='par_1_3' title="bbox 394 753 2549 2059">
     <span class='ocr_line' id='line_1_4' title="bbox 496 753 2542 893; baseline -0.001 -18"><span class='ocrx_word' id='word_1_15' title='bbox 496 806 696 893; x_wconf 85' lang='lat' dir='ltr'><strong>Haec,</strong></span> <span class='ocrx_word' id='word_1_16' title='bbox 750 816 826 871; x_wconf 90' lang='lat' dir='ltr'><strong>ut</strong></span> <span class='ocrx_word' id='word_1_17' title='bbox 874 800 1393 891; x_wconf 79' lang='lat' dir='ltr'><strong>existimamuS,</strong></span> <span class='ocrx_word' id='word_1_18' title='bbox 1436 798 1730 874; x_wconf 85' lang='lat' dir='ltr'><strong>abunde</strong></span> <span class='ocrx_word' id='word_1_19' title='bbox 1769 796 2090 872; x_wconf 85' lang='lat' dir='ltr'><strong>sufficere</strong></span> <span class='ocrx_word' id='word_1_20' title='bbox 2141 797 2410 872; x_wconf 87' lang='lat' dir='ltr'><strong>debent</strong></span> <span class='ocrx_word' id='word_1_21' title='bbox 2447 753 2542 873; x_wconf 86' lang='lat' dir='ltr'><strong>ad</strong></span> 
     </span>
     <span class='ocr_line' id='line_1_5' title="bbox 394 914 2542 1015; baseline 0 -27"><span class='ocrx_word' id='word_1_22' title='bbox 394 914 821 989; x_wconf 81' lang='lat' dir='ltr'><strong>refellendas</strong></span> <span class='ocrx_word' id='word_1_23' title='bbox 848 915 968 986; x_wconf 95' lang='lat' dir='ltr'><strong>ob</strong></span> <span class='ocrx_word' id='word_1_24' title='bbox 943 916 1291 1015; x_wconf 61' lang='lat' dir='ltr'><strong>Jecjiones</strong></span> <span class='ocrx_word' id='word_1_25' title='bbox 1326 939 1605 1007; x_wconf 87' lang='lat' dir='ltr'><strong>omnes,</strong></span> <span class='ocrx_word' id='word_1_26' title='bbox 1637 939 1796 1011; x_wconf 86' lang='lat' dir='ltr'><strong>quae</strong></span> <span class='ocrx_word' id='word_1_27' title='bbox 1824 914 1918 989; x_wconf 89' lang='lat' dir='ltr'><strong>ab</strong></span> <span class='ocrx_word' id='word_1_28' title='bbox 1944 914 2542 991; x_wconf 82' lang='lat' dir='ltr'><strong>obtrectatoribus</strong></span> 
     </span>
     <span class='ocr_line' id='line_1_6' title="bbox 398 1030 2544 1131; baseline 0.002 -28"><span class='ocrx_word' id='word_1_29' title='bbox 398 1034 641 1107; x_wconf 81' lang='lat' dir='ltr'><strong>forsan</strong></span> <span class='ocrx_word' id='word_1_30' title='bbox 688 1032 763 1103; x_wconf 91' lang='lat' dir='ltr'><strong>in</strong></span> <span class='ocrx_word' id='word_1_31' title='bbox 809 1032 948 1109; x_wconf 83' lang='lat' dir='ltr'><strong>hac</strong></span> <span class='ocrx_word' id='word_1_32' title='bbox 986 1034 1285 1105; x_wconf 88' lang='lat' dir='ltr'><strong>materia</strong></span> <span class='ocrx_word' id='word_1_33' title='bbox 1326 1030 1477 1104; x_wconf 85' lang='lat' dir='ltr'><strong>fieri</strong></span> <span class='ocrx_word' id='word_1_34' title='bbox 1512 1046 1829 1130; x_wconf 86' lang='lat' dir='ltr'><strong>possent.</strong></span> <span class='ocrx_word' id='word_1_35' title='bbox 1886 1036 2066 1105; x_wconf 90' lang='lat' dir='ltr'><strong>Nam</strong></span> <span class='ocrx_word' id='word_1_36' title='bbox 2107 1032 2306 1128; x_wconf 92' lang='lat' dir='ltr'><strong>quod</strong></span> <span class='ocrx_word' id='word_1_37' title='bbox 2351 1035 2544 1131; x_wconf 89' lang='lat' dir='ltr'><strong>prin-</strong></span> 
     </span>
     <span class='ocr_line' id='line_1_7' title="bbox 397 1148 2535 1249; baseline 0.001 -28"><span class='ocrx_word' id='word_1_38' title='bbox 397 1152 646 1248; x_wconf 86' lang='lat' dir='ltr'><strong>cipum</strong></span> <span class='ocrx_word' id='word_1_39' title='bbox 693 1148 1049 1223; x_wconf 88' lang='lat' dir='ltr'><strong>mandatis</strong></span> <span class='ocrx_word' id='word_1_40' title='bbox 1096 1163 1309 1245; x_wconf 88' lang='lat' dir='ltr'><strong>atque</strong></span> <span class='ocrx_word' id='word_1_41' title='bbox 1347 1163 1781 1247; x_wconf 85' lang='lat' dir='ltr'><strong>potestatum</strong></span> <span class='ocrx_word' id='word_1_42' title='bbox 1825 1150 2058 1248; x_wconf 90' lang='lat' dir='ltr'><strong>pareri</strong></span> <span class='ocrx_word' id='word_1_43' title='bbox 2105 1152 2535 1249; x_wconf 82' lang='lat' dir='ltr'><strong>praecipitur,</strong></span> 
     </span>
     <span class='ocr_line' id='line_1_8' title="bbox 396 1265 2542 1365; baseline 0.001 -26"><span class='ocrx_word' id='word_1_44' title='bbox 396 1265 942 1361; x_wconf 86' lang='lat' dir='ltr'><strong>intelligendum</strong></span> <span class='ocrx_word' id='word_1_45' title='bbox 992 1270 1127 1339; x_wconf 88' lang='lat' dir='ltr'><strong>est¹</strong></span> <span class='ocrx_word' id='word_1_46' title='bbox 1176 1266 1471 1362; x_wconf 85' lang='lat' dir='ltr'><strong>quando</strong></span> <span class='ocrx_word' id='word_1_47' title='bbox 1520 1265 1854 1365; x_wconf 88' lang='lat' dir='ltr'><strong>princeps</strong></span> <span class='ocrx_word' id='word_1_48' title='bbox 1903 1266 2215 1362; x_wconf 84' lang='lat' dir='ltr'><strong>legitime</strong></span> <span class='ocrx_word' id='word_1_49' title='bbox 2263 1283 2336 1339; x_wconf 91' lang='lat' dir='ltr'><strong>et</strong></span> <span class='ocrx_word' id='word_1_50' title='bbox 2375 1293 2542 1343; x_wconf 89' lang='lat' dir='ltr'><strong>cum</strong></span> 
     </span>
     <span class='ocr_line' id='line_1_9' title="bbox 399 1381 2547 1480; baseline -0 -25"><span class='ocrx_word' id='word_1_51' title='bbox 399 1398 597 1455; x_wconf 90' lang='lat' dir='ltr'><strong>recto</strong></span> <span class='ocrx_word' id='word_1_52' title='bbox 636 1384 891 1455; x_wconf 90' lang='lat' dir='ltr'><strong>ordine</strong></span> <span class='ocrx_word' id='word_1_53' title='bbox 923 1407 1155 1475; x_wconf 87' lang='lat' dir='ltr'><strong>suam,</strong></span> <span class='ocrx_word' id='word_1_54' title='bbox 1194 1407 1414 1479; x_wconf 88' lang='lat' dir='ltr'><strong>quam</strong></span> <span class='ocrx_word' id='word_1_55' title='bbox 1444 1381 1708 1465; x_wconf 82' lang='lat' dir='ltr'><strong>adhoc</strong></span> <span class='ocrx_word' id='word_1_56' title='bbox 1751 1384 2024 1480; x_wconf 87' lang='lat' dir='ltr'><strong>accepit</strong></span> <span class='ocrx_word' id='word_1_57' title='bbox 2056 1407 2100 1455; x_wconf 90' lang='lat' dir='ltr'><strong>a</strong></span> <span class='ocrx_word' id='word_1_58' title='bbox 2132 1388 2315 1477; x_wconf 81' lang='lat' dir='ltr'><strong>De0,&#39;</strong></span> <span class='ocrx_word' id='word_1_59' title='bbox 2352 1408 2547 1455; x_wconf 82' lang='lat' dir='ltr'><strong>exse-</strong></span> 
     </span>
     <span class='ocr_line' id='line_1_10' title="bbox 399 1499 2547 1599; baseline 0 -28"><span class='ocrx_word' id='word_1_60' title='bbox 399 1502 642 1596; x_wconf 88' lang='lat' dir='ltr'><strong>quitur</strong></span> <span class='ocrx_word' id='word_1_61' title='bbox 676 1516 1126 1599; x_wconf 88' lang='lat' dir='ltr'><strong>potestatem.</strong></span> <span class='ocrx_word' id='word_1_62' title='bbox 1183 1504 1382 1572; x_wconf 90' lang='lat' dir='ltr'><strong>Tunc</strong></span> <span class='ocrx_word' id='word_1_63' title='bbox 1427 1500 1621 1571; x_wconf 89' lang='lat' dir='ltr'><strong>enim</strong></span> <span class='ocrx_word' id='word_1_64' title='bbox 1666 1499 1790 1571; x_wconf 73' lang='lat' dir='ltr'><strong>tali</strong></span> <span class='ocrx_word' id='word_1_65' title='bbox 1840 1500 2245 1597; x_wconf 86' lang='lat' dir='ltr'><strong>parendum</strong></span> <span class='ocrx_word' id='word_1_66' title='bbox 2290 1514 2429 1589; x_wconf 87' lang='lat' dir='ltr'><strong>est,</strong></span> <span class='ocrx_word' id='word_1_67' title='bbox 2475 1516 2547 1574; x_wconf 87' lang='lat' dir='ltr'><strong>et</strong></span> 
     </span>
     <span class='ocr_line' id='line_1_11' title="bbox 398 1613 2541 1718; baseline 0 -31"><span class='ocrx_word' id='word_1_68' title='bbox 398 1614 623 1687; x_wconf 88' lang='lat' dir='ltr'><strong>habet</strong></span> <span class='ocrx_word' id='word_1_69' title='bbox 648 1617 892 1688; x_wconf 89' lang='lat' dir='ltr'><strong>locum</strong></span> <span class='ocrx_word' id='word_1_70' title='bbox 914 1614 1112 1718; x_wconf 88' lang='lat' dir='ltr'><strong>quod</strong></span> <span class='ocrx_word' id='word_1_71' title='bbox 1140 1616 1396 1689; x_wconf 88' lang='lat' dir='ltr'><strong>Paulus</strong></span> <span class='ocrx_word' id='word_1_72' title='bbox 1418 1613 1788 1713; x_wconf 88' lang='lat' dir='ltr'><strong>apostolus</strong></span> <span class='ocrx_word' id='word_1_73' title='bbox 1812 1614 1905 1687; x_wconf 91' lang='lat' dir='ltr'><strong>ad</strong></span> <span class='ocrx_word' id='word_1_74' title='bbox 1937 1616 2325 1708; x_wconf 87' lang='lat' dir='ltr'><strong>Romanos,</strong></span> <span class='ocrx_word' id='word_1_75' title='bbox 2355 1619 2541 1707; x_wconf 90' lang='lat' dir='ltr'><strong>Xlll,</strong></span> 
     </span>
     <span class='ocr_line' id='line_1_12' title="bbox 400 1730 2542 1830; baseline -0.001 -28"><span class='ocrx_word' id='word_1_76' title='bbox 400 1732 501 1803; x_wconf 83' lang='lat' dir='ltr'><strong>ait</strong></span> <span class='ocrx_word' id='word_1_77' title='bbox 534 1759 550 1803; x_wconf 77' lang='grc' dir='ltr'>ε</span> <span class='ocrx_word' id='word_1_78' title='bbox 598 1762 632 1802; x_wconf 84' lang='lat'>«</span> <span class='ocrx_word' id='word_1_79' title='bbox 672 1734 813 1818; x_wconf 87' lang='lat' dir='ltr'><strong>Qui</strong></span> <span class='ocrx_word' id='word_1_80' title='bbox 851 1734 1179 1830; x_wconf 88' lang='lat' dir='ltr'><strong>potestati</strong></span> <span class='ocrx_word' id='word_1_81' title='bbox 1212 1732 1492 1822; x_wconf 84' lang='lat' dir='ltr'><strong>resistit,</strong></span> <span class='ocrx_word' id='word_1_82' title='bbox 1541 1732 1673 1801; x_wconf 88' lang='lat' dir='ltr'><strong>Dei</strong></span> <span class='ocrx_word' id='word_1_83' title='bbox 1708 1730 2146 1801; x_wconf 91' lang='lat' dir='ltr'><strong>ordinationi</strong></span> <span class='ocrx_word' id='word_1_84' title='bbox 2181 1730 2459 1805; x_wconf 85' lang='lat' dir='ltr'><strong>resistit.</strong></span> <span class='ocrx_word' id='word_1_85' title='bbox 2506 1759 2542 1800; x_wconf 76' lang='lat' dir='ltr'><em>n</em></span> 
     </span>
     <span class='ocr_line' id='line_1_13' title="bbox 408 1845 2549 1941; baseline 0.001 -26"><span class='ocrx_word' id='word_1_86' title='bbox 408 1845 611 1918; x_wconf 91' lang='lat' dir='ltr'><strong>Unde</strong></span> <span class='ocrx_word' id='word_1_87' title='bbox 646 1847 810 1919; x_wconf 90' lang='lat' dir='ltr'><strong>licet</strong></span> <span class='ocrx_word' id='word_1_88' title='bbox 847 1848 1085 1921; x_wconf 86' lang='lat' dir='ltr'><strong>forsan</strong></span> <span class='ocrx_word' id='word_1_89' title='bbox 1120 1848 1274 1921; x_wconf 64' lang='lat' dir='ltr'><strong>alis</strong></span> <span class='ocrx_word' id='word_1_90' title='bbox 1306 1845 1726 1941; x_wconf 91' lang='lat' dir='ltr'><strong>subjaceant</strong></span> <span class='ocrx_word' id='word_1_91' title='bbox 1755 1845 1966 1935; x_wconf 85' lang='lat' dir='ltr'><strong>vitiis,</strong></span> <span class='ocrx_word' id='word_1_92' title='bbox 2004 1860 2185 1936; x_wconf 90' lang='lat' dir='ltr'><strong>tum,</strong></span> <span class='ocrx_word' id='word_1_93' title='bbox 2225 1846 2402 1917; x_wconf 89' lang='lat' dir='ltr'><strong>dum</strong></span> <span class='ocrx_word' id='word_1_94' title='bbox 2434 1870 2549 1920; x_wconf 90' lang='lat' dir='ltr'><strong>ac-</strong></span> 
     </span>
     <span class='ocr_line' id='line_1_14' title="bbox 400 1962 2545 2059; baseline 0 -27"><span class='ocrx_word' id='word_1_95' title='bbox 400 1976 609 2059; x_wconf 86' lang='lat' dir='ltr'><strong>cepta</strong></span> <span class='ocrx_word' id='word_1_96' title='bbox 642 1987 686 2033; x_wconf 91' lang='lat' dir='ltr'><strong>a</strong></span> <span class='ocrx_word' id='word_1_97' title='bbox 717 1967 871 2033; x_wconf 89' lang='lat' dir='ltr'><strong>Deo</strong></span> <span class='ocrx_word' id='word_1_98' title='bbox 904 1963 1215 2057; x_wconf 84' lang='lat' dir='ltr'><strong>legitime</strong></span> <span class='ocrx_word' id='word_1_99' title='bbox 1240 1986 1369 2033; x_wconf 88' lang='lat' dir='ltr'><strong>sua</strong></span> <span class='ocrx_word' id='word_1_100' title='bbox 1400 1975 1701 2033; x_wconf 88' lang='lat' dir='ltr'><strong>utuntur</strong></span> <span class='ocrx_word' id='word_1_101' title='bbox 1726 1975 2099 2058; x_wconf 89' lang='lat' dir='ltr'><strong>potestate,</strong></span> <span class='ocrx_word' id='word_1_102' title='bbox 2133 1962 2207 2030; x_wconf 92' lang='lat' dir='ltr'><strong>in</strong></span> <span class='ocrx_word' id='word_1_103' title='bbox 2234 1986 2321 2031; x_wconf 88' lang='lat' dir='ltr'><strong>eo</strong></span> <span class='ocrx_word' id='word_1_104' title='bbox 2348 1964 2545 2058; x_wconf 91' lang='lat' dir='ltr'><strong>quod</strong></span> 
     </span>
    </p>
   </div>
   <div class='ocr_carea' id='block_1_3' title="bbox 400 2076 2547 2287">
    <p class='ocr_par' dir='ltr' id='par_1_4' title="bbox 400 2076 2547 2287">
     <span class='ocr_line' id='line_1_15' title="bbox 404 2076 2547 2176; baseline 0.001 -28"><span class='ocrx_word' id='word_1_105' title='bbox 404 2092 747 2174; x_wconf 86' lang='lat' dir='ltr'><strong>tanquam</strong></span> <span class='ocrx_word' id='word_1_106' title='bbox 783 2079 1077 2174; x_wconf 88' lang='lat' dir='ltr'><strong>legitimi</strong></span> <span class='ocrx_word' id='word_1_107' title='bbox 1110 2079 1467 2176; x_wconf 87' lang='lat' dir='ltr'><strong>principes</strong></span> <span class='ocrx_word' id='word_1_108' title='bbox 1506 2080 1888 2176; x_wconf 90' lang='lat' dir='ltr'><strong>imperant,</strong></span> <span class='ocrx_word' id='word_1_109' title='bbox 1931 2092 2034 2147; x_wconf 85' lang='lat' dir='ltr'><strong>est</strong></span> <span class='ocrx_word' id='word_1_110' title='bbox 2067 2076 2336 2148; x_wconf 89' lang='lat' dir='ltr'><strong>eisdem</strong></span> <span class='ocrx_word' id='word_1_111' title='bbox 2372 2078 2547 2150; x_wconf 91' lang='lat' dir='ltr'><strong>obe-</strong></span> 
     </span>
     <span class='ocr_line' id='line_1_16' title="bbox 400 2186 2541 2287; baseline 0.001 -28"><span class='ocrx_word' id='word_1_112' title='bbox 400 2186 775 2279; x_wconf 89' lang='lat' dir='ltr'><strong>diendum,</strong></span> <span class='ocrx_word' id='word_1_113' title='bbox 822 2203 893 2261; x_wconf 91' lang='lat' dir='ltr'><strong>et</strong></span> <span class='ocrx_word' id='word_1_114' title='bbox 935 2215 1063 2287; x_wconf 88' lang='lat' dir='ltr'><strong>per</strong></span> <span class='ocrx_word' id='word_1_115' title='bbox 1102 2190 1247 2261; x_wconf 89' lang='lat' dir='ltr'><strong>hoc</strong></span> <span class='ocrx_word' id='word_1_116' title='bbox 1291 2215 1441 2261; x_wconf 91' lang='lat' dir='ltr'><strong>non</strong></span> <span class='ocrx_word' id='word_1_117' title='bbox 1484 2204 1761 2260; x_wconf 90' lang='lat' dir='ltr'><strong>tantum</strong></span> <span class='ocrx_word' id='word_1_118' title='bbox 1801 2188 2016 2259; x_wconf 90' lang='lat' dir='ltr'><strong>bonis</strong></span> <span class='ocrx_word' id='word_1_119' title='bbox 2057 2202 2130 2258; x_wconf 89' lang='lat' dir='ltr'><strong>et</strong></span> <span class='ocrx_word' id='word_1_120' title='bbox 2175 2188 2541 2279; x_wconf 78' lang='lat' dir='ltr'><strong>modestiS‚</strong></span> 
     </span>
    </p>
   </div>
   <div class='ocr_carea' id='block_1_4' title="bbox 400 2305 2548 3794">
    <p class='ocr_par' dir='ltr' id='par_1_5' title="bbox 400 2305 2548 3794">
     <span class='ocr_line' id='line_1_17' title="bbox 400 2305 2546 2401; baseline 0.002 -26"><span class='ocrx_word' id='word_1_121' title='bbox 400 2305 530 2375; x_wconf 88' lang='lat' dir='ltr'><strong>sed</strong></span> <span class='ocrx_word' id='word_1_122' title='bbox 565 2307 780 2380; x_wconf 89' lang='lat' dir='ltr'><strong>etiam</strong></span> <span class='ocrx_word' id='word_1_123' title='bbox 837 2306 1145 2401; x_wconf 89' lang='lat' dir='ltr'><strong>dyscolis</strong></span> <span class='ocrx_word' id='word_1_124' title='bbox 1194 2322 1265 2377; x_wconf 91' lang='lat' dir='ltr'><strong>et</strong></span> <span class='ocrx_word' id='word_1_125' title='bbox 1309 2306 1481 2378; x_wconf 90' lang='lat' dir='ltr'><strong>alias</strong></span> <span class='ocrx_word' id='word_1_126' title='bbox 1530 2307 1736 2379; x_wconf 90' lang='lat' dir='ltr'><strong>malis</strong></span> <span class='ocrx_word' id='word_1_127' title='bbox 1784 2322 1857 2377; x_wconf 90' lang='lat' dir='ltr'><strong>et</strong></span> <span class='ocrx_word' id='word_1_128' title='bbox 1904 2306 2175 2377; x_wconf 86' lang='lat' dir='ltr'><strong>vitiosis</strong></span> <span class='ocrx_word' id='word_1_129' title='bbox 2224 2322 2328 2377; x_wconf 90' lang='lat' dir='ltr'><strong>est</strong></span> <span class='ocrx_word' id='word_1_130' title='bbox 2369 2307 2546 2380; x_wconf 88' lang='lat' dir='ltr'><strong>obe·</strong></span> 
     </span>
     <span class='ocr_line' id='line_1_18' title="bbox 401 2421 2546 2523; baseline 0.002 -32"><span class='ocrx_word' id='word_1_131' title='bbox 401 2421 671 2495; x_wconf 90' lang='lat' dir='ltr'><strong>dientia</strong></span> <span class='ocrx_word' id='word_1_132' title='bbox 710 2423 1155 2517; x_wconf 74' lang='lat' dir='ltr'><strong>exhibenda,</strong></span> <span class='ocrx_word' id='word_1_133' title='bbox 1210 2438 1290 2494; x_wconf 93' lang='lat' dir='ltr'><strong>ut</strong></span> <span class='ocrx_word' id='word_1_134' title='bbox 1325 2449 1412 2494; x_wconf 81' lang='lat' dir='ltr'><strong>ex</strong></span> <span class='ocrx_word' id='word_1_135' title='bbox 1447 2425 1866 2495; x_wconf 87' lang='lat' dir='ltr'><strong>auctoritate</strong></span> <span class='ocrx_word' id='word_1_136' title='bbox 1903 2421 2092 2494; x_wconf 88' lang='lat' dir='ltr'><strong>beati</strong></span> <span class='ocrx_word' id='word_1_137' title='bbox 2137 2424 2321 2493; x_wconf 91' lang='lat' dir='ltr'><strong>Petri</strong></span> <span class='ocrx_word' id='word_1_138' title='bbox 2369 2448 2546 2523; x_wconf 90' lang='lat' dir='ltr'><strong>apo-</strong></span> 
     </span>
     <span class='ocr_line' id='line_1_19' title="bbox 401 2539 2548 2637; baseline 0.001 -29"><span class='ocrx_word' id='word_1_139' title='bbox 401 2540 565 2610; x_wconf 91' lang='lat' dir='ltr'><strong>stoli</strong></span> <span class='ocrx_word' id='word_1_140' title='bbox 601 2540 893 2611; x_wconf 89' lang='lat' dir='ltr'><strong>inducta</strong></span> <span class='ocrx_word' id='word_1_141' title='bbox 937 2540 1103 2610; x_wconf 90' lang='lat' dir='ltr'><strong>satis</strong></span> <span class='ocrx_word' id='word_1_142' title='bbox 1148 2555 1468 2637; x_wconf 87' lang='lat' dir='ltr'><strong>apparet.</strong></span> <span class='ocrx_word' id='word_1_143' title='bbox 1511 2540 1695 2610; x_wconf 90' lang='lat' dir='ltr'><strong>Hinc</strong></span> <span class='ocrx_word' id='word_1_144' title='bbox 1737 2552 1842 2610; x_wconf 91' lang='lat' dir='ltr'><strong>est</strong></span> <span class='ocrx_word' id='word_1_145' title='bbox 1877 2539 2113 2633; x_wconf 89' lang='lat' dir='ltr'><strong>quod,</strong></span> <span class='ocrx_word' id='word_1_146' title='bbox 2151 2564 2316 2610; x_wconf 88' lang='lat' dir='ltr'><strong>cum</strong></span> <span class='ocrx_word' id='word_1_147' title='bbox 2360 2566 2548 2611; x_wconf 88' lang='lat' dir='ltr'><strong>sum-</strong></span> 
     </span>
     <span class='ocr_line' id='line_1_20' title="bbox 405 2655 2547 2753; baseline 0 -26"><span class='ocrx_word' id='word_1_148' title='bbox 405 2680 566 2727; x_wconf 90' lang='lat' dir='ltr'><strong>mus</strong></span> <span class='ocrx_word' id='word_1_149' title='bbox 584 2655 944 2747; x_wconf 77' lang='lat' dir='ltr'><strong>sacerd05‚</strong></span> <span class='ocrx_word' id='word_1_150' title='bbox 969 2679 1215 2726; x_wconf 89' lang='lat' dir='ltr'><strong>coram</strong></span> <span class='ocrx_word' id='word_1_151' title='bbox 1234 2681 1382 2751; x_wconf 92' lang='lat' dir='ltr'><strong>quo</strong></span> <span class='ocrx_word' id='word_1_152' title='bbox 1408 2657 1697 2727; x_wconf 85' lang='lat' dir='ltr'><strong>velutin</strong></span> <span class='ocrx_word' id='word_1_153' title='bbox 1716 2655 1875 2751; x_wconf 89' lang='lat' dir='ltr'><strong>jure</strong></span> <span class='ocrx_word' id='word_1_154' title='bbox 1911 2655 2169 2725; x_wconf 90' lang='lat' dir='ltr'><strong>Paulus</strong></span> <span class='ocrx_word' id='word_1_155' title='bbox 2184 2657 2547 2753; x_wconf 88' lang='lat' dir='ltr'><strong>apostolus</strong></span> 
     </span>
     <span class='ocr_line' id='line_1_21' title="bbox 402 2770 2548 2870; baseline -0.001 -27"><span class='ocrx_word' id='word_1_156' title='bbox 402 2771 808 2861; x_wconf 88' lang='lat' dir='ltr'><strong>sistebatur,</strong></span> <span class='ocrx_word' id='word_1_157' title='bbox 848 2797 1015 2843; x_wconf 89' lang='lat' dir='ltr'><strong>eum</strong></span> <span class='ocrx_word' id='word_1_158' title='bbox 1053 2772 1308 2867; x_wconf 90' lang='lat' dir='ltr'><strong>injuste</strong></span> <span class='ocrx_word' id='word_1_159' title='bbox 1342 2787 1411 2842; x_wconf 91' lang='lat' dir='ltr'><strong>et</strong></span> <span class='ocrx_word' id='word_1_160' title='bbox 1445 2770 2023 2843; x_wconf 86' lang='lat' dir='ltr'><strong>irrationabiliter</strong></span> <span class='ocrx_word' id='word_1_161' title='bbox 2048 2771 2360 2867; x_wconf 87' lang='lat' dir='ltr'><strong>jussisset</strong></span> <span class='ocrx_word' id='word_1_162' title='bbox 2391 2796 2548 2870; x_wconf 89' lang='lat' dir='ltr'><strong>per-</strong></span> 
     </span>
     <span class='ocr_line' id='line_1_22' title="bbox 405 2888 2546 2986; baseline 0 -26"><span class='ocrx_word' id='word_1_163' title='bbox 405 2890 551 2960; x_wconf 90' lang='lat' dir='ltr'><strong>cuti</strong></span> <span class='ocrx_word' id='word_1_164' title='bbox 592 2904 663 2960; x_wconf 89' lang='lat' dir='ltr'><strong>et</strong></span> <span class='ocrx_word' id='word_1_165' title='bbox 702 2890 904 2980; x_wconf 84' lang='lat' dir='ltr'><strong>caedi,</strong></span> <span class='ocrx_word' id='word_1_166' title='bbox 955 2890 1191 2959; x_wconf 89' lang='lat' dir='ltr'><strong>statim</strong></span> <span class='ocrx_word' id='word_1_167' title='bbox 1236 2889 1493 2959; x_wconf 86' lang='lat' dir='ltr'><strong>Paulus</strong></span> <span class='ocrx_word' id='word_1_168' title='bbox 1533 2888 1900 2986; x_wconf 86' lang='lat' dir='ltr'><strong>respondit</strong></span> <span class='ocrx_word' id='word_1_169' title='bbox 1940 2915 1954 2957; x_wconf 90' lang='lat'>:</span> <span class='ocrx_word' id='word_1_170' title='bbox 2005 2919 2037 2952; x_wconf 75' lang='grc' dir='ltr'>κ</span> <span class='ocrx_word' id='word_1_171' title='bbox 2087 2890 2435 2959; x_wconf 85' lang='lat' dir='ltr'><strong>Percutiet</strong></span> <span class='ocrx_word' id='word_1_172' title='bbox 2483 2906 2546 2961; x_wconf 89' lang='lat' dir='ltr'><strong>te</strong></span> 
     </span>
     <span class='ocr_line' id='line_1_23' title="bbox 409 3003 2548 3103; baseline 0.002 -28"><span class='ocrx_word' id='word_1_173' title='bbox 409 3009 623 3093; x_wconf 82' lang='lat' dir='ltr'><strong>DeuS‚</strong></span> <span class='ocrx_word' id='word_1_174' title='bbox 660 3008 890 3103; x_wconf 84' lang='lat' dir='ltr'><strong>paries</strong></span> <span class='ocrx_word' id='word_1_175' title='bbox 915 3003 1266 3076; x_wconf 88' lang='lat' dir='ltr'><strong>dealbate.</strong></span> <span class='ocrx_word' id='word_1_176' title='bbox 1300 3007 1403 3073; x_wconf 91' lang='lat' dir='ltr'><strong>Tu</strong></span> <span class='ocrx_word' id='word_1_177' title='bbox 1428 3004 1630 3075; x_wconf 88' lang='lat' dir='ltr'><strong>sedes</strong></span> <span class='ocrx_word' id='word_1_178' title='bbox 1653 3004 1977 3100; x_wconf 89' lang='lat' dir='ltr'><strong>judicare</strong></span> <span class='ocrx_word' id='word_1_179' title='bbox 2007 3032 2120 3077; x_wconf 90' lang='lat' dir='ltr'><strong>me</strong></span> <span class='ocrx_word' id='word_1_180' title='bbox 2151 3005 2548 3079; x_wconf 87' lang='lat' dir='ltr'><strong>secundum</strong></span> 
     </span>
     <span class='ocr_line' id='line_1_24' title="bbox 404 3118 2546 3217; baseline 0 -25"><span class='ocrx_word' id='word_1_181' title='bbox 404 3123 664 3216; x_wconf 82' lang='lat' dir='ltr'><strong>legem,</strong></span> <span class='ocrx_word' id='word_1_182' title='bbox 694 3137 759 3192; x_wconf 86' lang='lat' dir='ltr'><strong>et</strong></span> <span class='ocrx_word' id='word_1_183' title='bbox 782 3138 1035 3193; x_wconf 88' lang='lat' dir='ltr'><strong>contra</strong></span> <span class='ocrx_word' id='word_1_184' title='bbox 1051 3122 1279 3215; x_wconf 85' lang='lat' dir='ltr'><strong>legem</strong></span> <span class='ocrx_word' id='word_1_185' title='bbox 1301 3118 1510 3215; x_wconf 85' lang='lat' dir='ltr'><strong>jubes</strong></span> <span class='ocrx_word' id='word_1_186' title='bbox 1536 3146 1650 3189; x_wconf 88' lang='lat' dir='ltr'><strong>me</strong></span> <span class='ocrx_word' id='word_1_187' title='bbox 1683 3121 1985 3217; x_wconf 87' lang='lat' dir='ltr'><strong>percuti.</strong></span> <span class='ocrx_word' id='word_1_188' title='bbox 2019 3151 2052 3187; x_wconf 71' lang='grc' dir='ltr'><strong>υ</strong></span> <span class='ocrx_word' id='word_1_189' title='bbox 2081 3125 2350 3191; x_wconf 89' lang='lat' dir='ltr'><strong>Etcum</strong></span> <span class='ocrx_word' id='word_1_190' title='bbox 2371 3122 2433 3192; x_wconf 85' lang='lat' dir='ltr'><strong>ci</strong></span> <span class='ocrx_word' id='word_1_191' title='bbox 2453 3122 2546 3194; x_wconf 88' lang='lat' dir='ltr'><strong>ab</strong></span> 
     </span>
     <span class='ocr_line' id='line_1_25' title="bbox 407 3232 2545 3333; baseline -0 -26"><span class='ocrx_word' id='word_1_192' title='bbox 407 3236 852 3308; x_wconf 85' lang='lat' dir='ltr'><strong>adstantibus</strong></span> <span class='ocrx_word' id='word_1_193' title='bbox 900 3234 1448 3333; x_wconf 81' lang='lat' dir='ltr'><strong>exprobraretur</strong></span> <span class='ocrx_word' id='word_1_194' title='bbox 1498 3232 1696 3329; x_wconf 89' lang='lat' dir='ltr'><strong>quod</strong></span> <span class='ocrx_word' id='word_1_195' title='bbox 1745 3234 2217 3305; x_wconf 80' lang='lat' dir='ltr'><strong>maledixisset</strong></span> <span class='ocrx_word' id='word_1_196' title='bbox 2262 3261 2545 3307; x_wconf 89' lang='lat' dir='ltr'><strong>summo</strong></span> 
     </span>
     <span class='ocr_line' id='line_1_26' title="bbox 406 3348 2546 3446; baseline -0 -25"><span class='ocrx_word' id='word_1_197' title='bbox 406 3353 540 3422; x_wconf 79' lang='lat' dir='ltr'><strong>Dei</strong></span> <span class='ocrx_word' id='word_1_198' title='bbox 578 3352 965 3443; x_wconf 81' lang='lat' dir='ltr'><strong>sacerdoti,</strong></span> <span class='ocrx_word' id='word_1_199' title='bbox 1021 3353 1209 3420; x_wconf 89' lang='lat' dir='ltr'><strong>illico</strong></span> <span class='ocrx_word' id='word_1_200' title='bbox 1262 3376 1334 3420; x_wconf 87' lang='lat' dir='ltr'><strong>se</strong></span> <span class='ocrx_word' id='word_1_201' title='bbox 1381 3374 1780 3446; x_wconf 76' lang='lat' dir='ltr'><strong>expurgans</strong></span> <span class='ocrx_word' id='word_1_202' title='bbox 1824 3348 2050 3419; x_wconf 77' lang='lat' dir='ltr'><strong>dixit:</strong></span> <span class='ocrx_word' id='word_1_203' title='bbox 2099 3380 2131 3414; x_wconf 75' lang='grc' dir='ltr'><strong><em>α</em></strong></span> <span class='ocrx_word' id='word_1_204' title='bbox 2183 3354 2334 3444; x_wconf 86' lang='lat' dir='ltr'><strong>Ego</strong></span> <span class='ocrx_word' id='word_1_205' title='bbox 2379 3377 2546 3421; x_wconf 85' lang='lat' dir='ltr'><strong>eum</strong></span> 
     </span>
     <span class='ocr_line' id='line_1_27' title="bbox 408 3464 2536 3563; baseline -0.002 -24"><span class='ocrx_word' id='word_1_206' title='bbox 408 3494 771 3539; x_wconf 88' lang='lat' dir='ltr'><strong>summum</strong></span> <span class='ocrx_word' id='word_1_207' title='bbox 808 3467 1249 3539; x_wconf 87' lang='lat' dir='ltr'><strong>sacerdotem</strong></span> <span class='ocrx_word' id='word_1_208' title='bbox 1290 3464 1730 3554; x_wconf 85' lang='lat' dir='ltr'><strong>nesciebam;</strong></span> <span class='ocrx_word' id='word_1_209' title='bbox 1776 3466 2116 3563; x_wconf 88' lang='lat' dir='ltr'><strong>scriptum</strong></span> <span class='ocrx_word' id='word_1_210' title='bbox 2159 3482 2263 3535; x_wconf 88' lang='lat' dir='ltr'><strong>est</strong></span> <span class='ocrx_word' id='word_1_211' title='bbox 2297 3467 2489 3536; x_wconf 89' lang='lat' dir='ltr'><strong>enim</strong></span> <span class='ocrx_word' id='word_1_212' title='bbox 2523 3494 2536 3534; x_wconf 90' lang='lat'>:</span> 
     </span>
     <span class='ocr_line' id='line_1_28' title="bbox 408 3581 2536 3683; baseline -0.002 -28"><span class='ocrx_word' id='word_1_213' title='bbox 408 3586 715 3683; x_wconf 86' lang='lat' dir='ltr'><strong>principi</strong></span> <span class='ocrx_word' id='word_1_214' title='bbox 750 3585 998 3682; x_wconf 90' lang='lat' dir='ltr'><strong>populi</strong></span> <span class='ocrx_word' id='word_1_215' title='bbox 1035 3584 1135 3653; x_wconf 87' lang='lat' dir='ltr'><strong>tui</strong></span> <span class='ocrx_word' id='word_1_216' title='bbox 1174 3608 1323 3653; x_wconf 89' lang='lat' dir='ltr'><strong>non</strong></span> <span class='ocrx_word' id='word_1_217' title='bbox 1372 3581 1778 3652; x_wconf 78' lang='lat' dir='ltr'><strong>maledices,</strong></span> <span class='ocrx_word' id='word_1_218' title='bbox 1825 3610 1859 3648; x_wconf 89' lang='lat'>»</span> <span class='ocrx_word' id='word_1_219' title='bbox 1905 3582 2229 3675; x_wconf 81' lang='lat' dir='ltr'><strong>(Actuum</strong></span> <span class='ocrx_word' id='word_1_220' title='bbox 2265 3583 2536 3656; x_wconf 51' lang='lat' dir='ltr'><strong>xxtltt.</strong></span> 
     </span>
     <span class='ocr_line' id='line_1_29' title="bbox 408 3697 2545 3794; baseline -0.001 -23"><span class='ocrx_word' id='word_1_221' title='bbox 408 3702 661 3772; x_wconf 89' lang='lat' dir='ltr'><strong>Merito</strong></span> <span class='ocrx_word' id='word_1_222' title='bbox 697 3701 889 3771; x_wconf 88' lang='lat' dir='ltr'><strong>enim</strong></span> <span class='ocrx_word' id='word_1_223' title='bbox 920 3725 1114 3787; x_wconf 88' lang='lat' dir='ltr'><strong>eum,</strong></span> <span class='ocrx_word' id='word_1_224' title='bbox 1154 3700 1303 3794; x_wconf 88' lang='lat' dir='ltr'><strong>qui,</strong></span> <span class='ocrx_word' id='word_1_225' title='bbox 1344 3697 1597 3768; x_wconf 84' lang='lat' dir='ltr'><strong>sedens</strong></span> <span class='ocrx_word' id='word_1_226' title='bbox 1636 3698 2034 3767; x_wconf 86' lang='lat' dir='ltr'><strong>secundum</strong></span> <span class='ocrx_word' id='word_1_227' title='bbox 2083 3700 2307 3792; x_wconf 86' lang='lat' dir='ltr'><strong>legem</strong></span> <span class='ocrx_word' id='word_1_228' title='bbox 2352 3699 2545 3794; x_wconf 89' lang='lat' dir='ltr'><strong>judi-</strong></span> 
     </span>
    </p>
   </div>
   <div class='ocr_carea' id='block_1_5' title="bbox 418 3902 2543 4252">
    <p class='ocr_par' dir='ltr' id='par_1_6' title="bbox 418 3902 2543 4252">
     <span class='ocr_line' id='line_1_30' title="bbox 495 3902 2539 3986; baseline -0.002 -23"><span class='ocrx_word' id='word_1_229' title='bbox 495 3911 550 3963; x_wconf 76' lang='lat'><strong>1.</strong></span> <span class='ocrx_word' id='word_1_230' title='bbox 600 3912 685 3965; x_wconf 90' lang='lat' dir='ltr'><strong>En</strong></span> <span class='ocrx_word' id='word_1_231' title='bbox 720 3927 917 3986; x_wconf 85' lang='lat' dir='ltr'><strong>marge</strong></span> <span class='ocrx_word' id='word_1_232' title='bbox 940 3953 955 3981; x_wconf 94' lang='lat'>,</span> <span class='ocrx_word' id='word_1_233' title='bbox 998 3906 1070 3963; x_wconf 87' lang='lat' dir='ltr'><strong>de</strong></span> <span class='ocrx_word' id='word_1_234' title='bbox 1106 3910 1162 3962; x_wconf 91' lang='lat' dir='ltr'><strong>la</strong></span> <span class='ocrx_word' id='word_1_235' title='bbox 1204 3905 1358 3962; x_wconf 86' lang='lat' dir='ltr'><strong>main</strong></span> <span class='ocrx_word' id='word_1_236' title='bbox 1396 3904 1469 3961; x_wconf 88' lang='lat' dir='ltr'><strong>de</strong></span> <span class='ocrx_word' id='word_1_237' title='bbox 1500 3904 1745 3960; x_wconf 84' lang='lat' dir='ltr'><strong>l&#39;auteur</strong></span> <span class='ocrx_word' id='word_1_238' title='bbox 1780 3924 1794 3959; x_wconf 93' lang='lat'>:</span> <span class='ocrx_word' id='word_1_239' title='bbox 1837 3930 1860 3955; x_wconf 83' lang='grc' dir='ltr'><strong>ιι</strong></span> <span class='ocrx_word' id='word_1_240' title='bbox 1900 3907 2024 3959; x_wconf 90' lang='lat' dir='ltr'><strong>Hoc</strong></span> <span class='ocrx_word' id='word_1_241' title='bbox 2051 3902 2132 3960; x_wconf 86' lang='lat' dir='ltr'><strong>ita</strong></span> <span class='ocrx_word' id='word_1_242' title='bbox 2165 3902 2404 3981; x_wconf 82' lang='lat' dir='ltr'><strong>intelligi</strong></span> <span class='ocrx_word' id='word_1_243' title='bbox 2435 3904 2539 3960; x_wconf 76' lang='lat' dir='ltr'><strong>de-</strong></span> 
     </span>
     <span class='ocr_line' id='line_1_31' title="bbox 418 3999 2542 4075; baseline -0.001 -19"><span class='ocrx_word' id='word_1_244' title='bbox 418 4030 445 4056; x_wconf 74' lang='grc' dir='ltr'>α</span> <span class='ocrx_word' id='word_1_245' title='bbox 482 4003 619 4061; x_wconf 84' lang='lat' dir='ltr'><strong>bere</strong></span> <span class='ocrx_word' id='word_1_246' title='bbox 661 4003 800 4060; x_wconf 88' lang='lat' dir='ltr'><strong>dicit</strong></span> <span class='ocrx_word' id='word_1_247' title='bbox 836 4016 1064 4060; x_wconf 83' lang='lat' dir='ltr'><strong>sanctus</strong></span> <span class='ocrx_word' id='word_1_248' title='bbox 1105 4001 1351 4057; x_wconf 85' lang='lat' dir='ltr'><strong>Thomas</strong></span> <span class='ocrx_word' id='word_1_249' title='bbox 1391 4002 1637 4056; x_wconf 68' lang='lat' dir='ltr'><strong>Summa:</strong></span> <span class='ocrx_word' id='word_1_250' title='bbox 1684 4002 1772 4068; x_wconf 91' lang='lat'><strong>11,</strong></span> <span class='ocrx_word' id='word_1_251' title='bbox 1827 4011 2030 4075; x_wconf 75' lang='lat' dir='ltr'><strong>qua-st.</strong></span> <span class='ocrx_word' id='word_1_252' title='bbox 2067 4005 2178 4068; x_wconf 68' lang='lat' dir='ltr'><strong>nti,</strong></span> <span class='ocrx_word' id='word_1_253' title='bbox 2227 4010 2335 4056; x_wconf 84' lang='lat' dir='ltr'><strong>art.</strong></span> <span class='ocrx_word' id='word_1_254' title='bbox 2373 4002 2443 4074; x_wconf 73' lang='lat'><strong>4,</strong></span> <span class='ocrx_word' id='word_1_255' title='bbox 2485 3999 2542 4054; x_wconf 89' lang='lat' dir='ltr'><strong>in</strong></span> 
     </span>
     <span class='ocr_line' id='line_1_32' title="bbox 418 4091 2543 4173; baseline -0.002 -22"><span class='ocrx_word' id='word_1_256' title='bbox 418 4125 445 4151; x_wconf 74' lang='grc' dir='ltr'><strong>ιι</strong></span> <span class='ocrx_word' id='word_1_257' title='bbox 484 4098 768 4157; x_wconf 86' lang='lat' dir='ltr'><strong>solutione</strong></span> <span class='ocrx_word' id='word_1_258' title='bbox 797 4096 1042 4155; x_wconf 84' lang='lat' dir='ltr'><strong>duorum</strong></span> <span class='ocrx_word' id='word_1_259' title='bbox 1072 4096 1394 4173; x_wconf 79' lang='lat' dir='ltr'><strong>primorum</strong></span> <span class='ocrx_word' id='word_1_260' title='bbox 1431 4106 1943 4171; x_wconf 81' lang='lat' dir='ltr'><strong>argumentorum,</strong></span> <span class='ocrx_word' id='word_1_261' title='bbox 1981 4105 2036 4150; x_wconf 87' lang='lat' dir='ltr'><strong>et</strong></span> <span class='ocrx_word' id='word_1_262' title='bbox 2075 4091 2244 4149; x_wconf 87' lang='lat' dir='ltr'><strong>etiam</strong></span> <span class='ocrx_word' id='word_1_263' title='bbox 2284 4092 2344 4148; x_wconf 89' lang='lat' dir='ltr'><strong>in</strong></span> <span class='ocrx_word' id='word_1_264' title='bbox 2380 4092 2543 4149; x_wconf 88' lang='lat' dir='ltr'><strong>solu-</strong></span> 
     </span>
     <span class='ocr_line' id='line_1_33' title="bbox 421 4190 1416 4252; baseline -0.012 1"><span class='ocrx_word' id='word_1_265' title='bbox 421 4221 446 4247; x_wconf 76' lang='grc' dir='ltr'>ι</span> <span class='ocrx_word' id='word_1_266' title='bbox 479 4196 635 4252; x_wconf 86' lang='lat' dir='ltr'><strong>tione</strong></span> <span class='ocrx_word' id='word_1_267' title='bbox 661 4194 738 4251; x_wconf 85' lang='lat' dir='ltr'><strong>ad</strong></span> <span class='ocrx_word' id='word_1_268' title='bbox 765 4192 995 4251; x_wconf 89' lang='lat' dir='ltr'><strong>tertium</strong></span> <span class='ocrx_word' id='word_1_269' title='bbox 1023 4190 1349 4249; x_wconf 83' lang='lat' dir='ltr'><strong>articulum.</strong></span> <span class='ocrx_word' id='word_1_270' title='bbox 1388 4212 1416 4241; x_wconf 64' lang='lat' dir='ltr'>a</span> 
     </span>
    </p>
   </div>
  </div>
 </body>
</html>
