3400 5417
1109 493 1332 578 unr'zn
1371 517 1671 577 ramus.
2350 525 2468 582 n·

322 649 818 726 benivolentia
847 650 1217 738 devinctis,
1255 663 1341 720 ut-
1370 647 1659 722 difficile
1690 649 1903 724 nobis
1934 651 2115 724 foret
2144 669 2253 727 tot
2293 658 2469 728 ami-

325 791 586 842 corum
610 767 839 842 videri
861 790 1197 864 spernere
1230 781 1355 837 aut
1376 765 1729 862 negligere
1754 769 2075 846 consilia.
2118 772 2329 867 Atqui
2356 771 2471 842 his

327 907 481 956 non
521 881 1006 973 obstantibus,
1057 881 1262 952 veriti
1306 905 1590 977 semper
1637 905 1729 952 ne
1781 882 1995 955 nobis
2028 885 2266 982 laquei
2314 901 2470 958 ten-

328 997 701 1092 derentur,
752 999 828 1070 in
875 1022 1060 1097 quos
1107 998 1498 1070 nonnullos
1539 997 1847 1072 infausto
1900 1003 2143 1080 omine
2182 1028 2473 1102 compe-

327 1114 678 1186 rieramus
733 1114 1158 1206 incurrisse,
1215 1114 1596 1186 consilium
1645 1116 1967 1212 cepimus
2016 1143 2168 1190 non
2236 1119 2475 1192 adhuc

327 1229 644 1304 reditum
693 1245 1019 1302 nostrum
1063 1245 1419 1302 maturare
1435 1283 1455 1320 ,
1511 1229 1637 1302 sed
1679 1233 1985 1329 experiri
2030 1236 2345 1332 primum
2381 1261 2473 1308 an

325 1372 463 1446 per
492 1362 1035 1446 procuratorem
1063 1347 1372 1440 legitime
1409 1347 1881 1420 constitutum
1910 1375 2281 1446 possemus
2298 1408 2317 1445 ,
2347 1352 2476 1424 ab·

327 1478 565 1536 sentes
597 1464 764 1535 licet
800 1479 870 1535 et
902 1465 978 1536 in
1015 1463 1216 1535 terris
1264 1461 1549 1535 illustris
1590 1464 2185 1557 Burgundionum
2234 1467 2472 1563 duciS,

325 1604 490 1676 quae
523 1581 820 1652 minime
851 1593 1024 1651 tunc
1053 1579 1200 1674 regi
1227 1577 1520 1652 hostiles
1545 1578 2031 1672 habebantur,
2070 1598 2475 1657 nostrarum

328 1695 698 1770 bonorum
732 1695 1048 1769 nancisci
1093 1695 1617 1793 possessionem
1663 1696 1906 1792 eisque
1951 1696 2174 1772 libere
2218 1700 2470 1797 potiri,

327 1811 948 1910 quemadmodum
993 1811 1296 1908 praefatae
1346 1810 1592 1882 litterae
1627 1813 1836 1906 regiae
1879 1813 2282 1890 facultatem
2325 1819 2480 1891 uni-

327 1929 592 2024 cuique
629 1926 1169 2026 promittebant.
1213 1927 1429 2015 Quod
1460 1951 1628 1998 cum
1679 1927 1945 2001 factum
1988 1930 2199 2002 fuisse
2226 1987 2246 2022 ,
2300 1933 2475 2005 falso

325 2059 573 2117 tamen
595 2099 615 2135 ,
653 2059 1080 2116 assereretur
1103 2068 1146 2115 a
1170 2042 1494 2140 pluribus
1523 2041 1770 2135 nobis,
1809 2059 1889 2114 ut
1920 2045 2147 2116 videri
2165 2062 2469 2143 poterat,

327 2183 592 2253 magna
629 2161 938 2232 amicitia
965 2160 1254 2256 junctiS,
1289 2161 1412 2255 qui
1449 2175 1529 2230 ut
1564 2185 1698 2231 nos
1732 2159 2003 2232 facilius
2036 2161 2129 2233 ad
2165 2162 2473 2236 reditum

329 2276 789 2368 inducerent,
837 2277 1094 2348 factam
1140 2275 1350 2346 nobis
1402 2275 1609 2346 fuisse
1649 2274 2015 2348 bonorum
2065 2294 2473 2353 nostrorum

327 2390 922 2464 deliberationem
973 2389 1459 2483 affirmabant,
1502 2390 1887 2462 multarum
1935 2416 2266 2490 precum,
2324 2397 2474 2493 epi-

328 2509 714 2599 stolarum,
759 2507 1224 2577 consiliorum
1267 2521 1479 2600 atque
1513 2508 1936 2583 nuntiorum
1969 2510 2158 2579 mole
2198 2514 2473 2584 onerati

329 2639 548 2720 atque
590 2625 858 2714 inflexi,
911 2622 1228 2714 tandem,
1277 2648 1427 2693 non
1479 2624 1630 2693 sine
1667 2648 1929 2718 magna
1960 2626 2183 2696 animi
2214 2626 2476 2699 tituba-

332 2741 528 2812 tione
552 2798 570 2831 ,
613 2739 706 2812 ad
740 2739 1194 2810 redeundum
1245 2739 1339 2810 ad
1374 2741 1679 2835 patriam
1723 2765 1857 2814 nos
1901 2740 2338 2814 accinximus
2369 2759 2473 2815 at-

327 2883 472 2955 que
521 2857 952 2955 paravimus.
1015 2854 1228 2941 Quod
1290 2856 1611 2951 profecto
1671 2857 1964 2928 minime
2029 2859 2467 2954 fecissemus,

329 2975 712 3048 amnestias
737 2972 1055 3070 praesatas
1088 2996 1344 3069 parum
1393 2986 1516 3043 aut
1549 2973 1727 3044 nihil
1755 2973 1931 3044 fidas
1966 2975 2468 3069 existimanteS‚

331 3109 400 3166 et
437 3096 602 3166 satis
633 3107 980 3188 quantum
1011 3091 1325 3162 valerent
1348 3091 1856 3187 promissiones
1890 3107 1960 3161 et
1993 3093 2236 3162 littera?
2262 3111 2474 3191 atque

329 3224 773 3283 sacramenta
814 3208 1033 3305 ipsius
1082 3209 1262 3301 regis
1314 3207 1630 3303 plurium
1675 3207 2195 3280 calamitatibus
2245 3225 2313 3280 et
2363 3213 2474 3281 in-

333 3327 665 3398 fortuniis
691 3325 964 3411 edocti,
1006 3324 1141 3397 nisi
1175 3349 1307 3394 nos
1343 3323 1416 3393 id
1447 3323 1675 3394 facere
1710 3325 2074 3420 potissime
2114 3327 2464 3420 suasisset,

331 3469 493 3540 quae
533 3468 670 3514 nos
705 3444 1166 3514 vehementer
1211 3439 1638 3538 perurgebat
1663 3497 1681 3532 ,
1723 3439 1946 3511 debiti
1992 3442 2171 3512 ratio
2203 3468 2345 3537 qua
2380 3446 2473 3517 ad

333 3560 859 3632 intendendum
884 3584 1070 3629 curae
1103 3572 1314 3653 atque
1351 3558 1677 3650 regimini
1706 3558 2013 3628 ecclesiae
2052 3574 2307 3629 nostrae
2344 3586 2477 3632 nos

334 3677 686 3771 obligatos
716 3676 866 3746 sore
898 3673 1320 3746 sciebamus.

433 3798 590 3864 Hoc
625 3817 880 3890 nempe
927 3790 1216 3862 adducti
1258 3789 1644 3873 desiderio,
1700 3790 1838 3859 hac
1888 3791 2283 3861 intentione
2324 3818 2479 3890 per-

339 3910 555 4001 moti,
591 3923 667 3978 ut
705 3907 1119 4003 hujusmodi
1153 3921 1409 3977 nostrae
1440 3907 1749 3976 ecclesiae
1784 3919 1853 3976 et·
1897 3907 2331 4002 populorum
2368 3934 2477 3981 sa-

340 4027 492 4115 luti,
519 4051 703 4095 curae
733 4039 990 4094 nostrae
1015 4023 1351 4120 pastorali
1373 4023 1834 4113 creditorum,
1867 4022 2472 4116 incumberemUS,

339 4167 495 4237 quae
540 4140 752 4211 nobis
788 4141 1160 4210 imminere
1213 4163 1359 4208 non
1418 4138 1905 4209 nesciebamus
1946 4139 2260 4235 pericula
2296 4165 2471 4210 con-

339 4257 726 4329 temnenda
774 4272 844 4326 et
877 4257 1218 4326 audacter
1250 4271 1463 4350 atque
1500 4255 1947 4327 confidenter
1980 4282 2021 4326 a
2060 4255 2267 4326 nobis
2308 4256 2475 4324 sub·-
