3400 5417
993 509 1212 563 unm
1255 507 1632 563 summus.
2257 510 2363 566 1³1

267 641 630 714 maximam
693 664 832 716 suo
874 653 1197 736 tempore
1248 639 1628 732 exegisset,
1691 639 1844 736 ipse
1898 639 2243 736 imposuit
2305 655 2377 712 et

261 758 460 828 levari
498 757 696 842 fecit3
733 757 830 827 ita
862 771 943 827 ut
982 755 1458 845 Normannia,
1494 753 1587 826 de
1629 779 1775 851 qua
1819 753 2013 826 idem
2056 779 2227 828 suus
2266 781 2380 853 ge-

265 873 437 943 nitor
456 873 644 944 ultra
661 886 978 943 trecenta
1001 871 1224 942 millia
1247 870 1659 942 francorum
1686 894 2055 967 nunquam
2083 871 2374 960 levarat,

263 987 344 1059 ad
391 1013 611 1084 usque
651 986 1038 1059 duodecies
1078 1003 1382 1058 centena
1416 988 1638 1060 millia
1670 987 2083 1058 francorum
2120 1002 2194 1059 et
2226 1011 2380 1060 am·

265 1103 430 1199 plius
461 1102 767 1176 adaucta
819 1119 890 1174 et
936 1117 1222 1200 gravata
1262 1103 1471 1174 fuerit
1494 1158 1514 1195 ,
1551 1117 1805 1202 praeter
1832 1100 2143 1199 gabellas
2176 1103 2338 1174 salis
2361 1155 2381 1192 ,

263 1233 577 1314 quartum
634 1220 1012 1293 denarium
1061 1221 1444 1317 potionum
1500 1244 1656 1316 quae
1710 1221 1785 1290 in
1840 1219 2153 1291 tabernis
2202 1245 2387 1292 ven-

263 1333 574 1426 duntur¹,
637 1349 712 1407 et
751 1336 1283 1433 impositionem
1332 1337 1648 1408 vicesimi
1694 1336 1971 1408 denarii
2022 1361 2237 1434 super
2276 1336 2389 1408 his

263 1477 404 1547 quae
434 1451 876 1541 venduntur,
913 1478 1070 1549 quae
1105 1451 1575 1523 nihilominus
1611 1476 1893 1550 semper
1936 1476 2138 1523 more
2175 1452 2387 1524 solito

266 1569 788 1665 procurrebant.
850 1573 933 1639 In
983 1569 1138 1641 aliis
1190 1592 1480 1665 quoque
1526 1567 1726 1662 regni
1774 1568 2195 1664 provinciis,
2255 1593 2389 1666 pro

267 1712 382 1758 suo
429 1710 877 1784 unaquaeque
924 1685 1147 1757 modo
1217 1699 1287 1756 et
1345 1682 1838 1774 facultatibuS,
1910 1685 2163 1783 populi
2234 1709 2392 1779 gra-

265 1802 619 1876 vabantur.
675 1801 956 1889 Quibus
999 1800 1342 1873 oneribus
1380 1815 1453 1872 et
1503 1798 2077 1898 importabilibus
2126 1799 2391 1870 militiae

261 1943 334 1989 ac
390 1934 493 1990 tot
569 1933 1083 2014 tantorumque
1155 1917 1590 1989 tributorum
1656 1915 2100 2011 cogebantur
2144 1917 2386 2008 multi,

263 2037 391 2106 suis
452 2035 724 2109 laribus
787 2061 871 2108 ac
938 2036 1156 2107 natali
1212 2036 1368 2106 solo
1425 2034 1779 2106 derelictis
1802 2087 1821 2122 ‚
1879 2035 2155 2105 diversa
2210 2036 2390 2105 exsi-

261 2151 344 2222 lia
403 2167 468 2223 et
519 2177 746 2223 novas
807 2150 1026 2223 sedes.
1069 2176 1382 2248 quaerere
1437 2174 1898 2247 quocumque
1962 2151 2381 2248 potuissent.

263 2267 520 2354 Quibus
569 2269 780 2340 malis
829 2267 1269 2340 accedebant
1329 2283 1400 2338 et
1446 2283 1675 2365 pestes
1726 2283 1798 2338 et
1848 2267 2143 2338 assiduae
2188 2293 2389 2365 paene

263 2383 620 2455 hominum
675 2398 986 2472 mortes;
1041 2384 1262 2456 fames
1297 2408 1586 2478 quoque
1620 2408 1819 2479 quae‚
1867 2407 1993 2454 seu
2026 2383 2387 2454 sterilitate

263 2523 576 2592 agrorum
611 2499 725 2570 vel
759 2500 1214 2571 inclementia
1247 2499 1408 2570 eoeli
1433 2555 1452 2588 ,
1491 2523 1616 2570 seu
1653 2497 1853 2594 quod
1892 2497 1988 2567 ob
2028 2498 2266 2593 fugam
2319 2515 2388 2570 et

264 2615 726 2689 desertionem
763 2616 1194 2687 colonorum
1231 2616 1512 2687 inculta:
1553 2615 1876 2711 jacerent
1925 2629 2163 2705 teme,
2217 2641 2385 2713 pro-

265 2733 482 2803 venire
518 2730 956 2804 serebantur.

349 2851 726 2946 Propterea
774 2848 985 2943 igitur
1028 2847 1225 2943 quod
1261 2847 1371 2918 his
1418 2862 1490 2918 et
1539 2847 1694 2919 aliis
1729 2848 2125 2918 innumeris
2169 2849 2385 2919 attriti

260 2963 599 3052 cladibus,
668 2963 761 3035 ab
817 2964 1121 3055 eisdem,
1176 2987 1352 3061 pace
1409 2964 1832 3058 reintegrata
1877 2988 1961 3034 ac
2019 2965 2376 3056 restituta,

258 3106 392 3154 sese
425 3095 801 3178 exemptos
827 3080 978 3150 fore
1018 3095 1413 3167 cernerent,
1454 3080 1670 3151 veluti
1705 3093 1869 3177 post
1900 3080 2150 3174 longas
2184 3095 2380 3150 tene-

259 3194 410 3269 bras
444 3197 777 3268 moeroris
818 3220 900 3266 ac
946 3195 1176 3267 luctus
1214 3195 1330 3265 lux
1365 3219 1553 3266 nova
1595 3195 1805 3265 solito
1842 3195 2100 3265 clarior
2132 3194 2383 3264 laetior-

261 3339 386 3410 que
435 3317 755 3410 utrisque
805 3313 1090 3411 populis
1147 3328 1390 3383 exorta
1433 3311 1771 3382 divinitus
1829 3310 2248 3398 videbatur3
2310 3326 2380 3383 et

257 3431 370 3526 qui
410 3430 503 3502 ab
550 3427 854 3503 exordio
891 3453 1158 3523 guerrae
1209 3429 1333 3524 (ut
1371 3452 1621 3499 omnes
1665 3429 1883 3498 ferme
1920 3427 2169 3525 populi
2211 3452 2381 3524 pro-

256 3547 644 3618 vinciarum
689 3546 1170 3616 Maximiliano
1219 3545 1701 3640 subditarum)
1758 3546 2210 3642 pertinaciter
2259 3545 2383 3615 ad-

257 3663 737 3752 versabantur,
804 3662 1139 3756 nullaque
1194 3687 1515 3757 unquam
1560 3663 1757 3759 pacis
1809 3677 1930 3733 aut
1975 3677 2381 3757 treugarum

256 3779 508 3854 soedera
543 3809 620 3854 se
655 3807 820 3853 cum
859 3806 1018 3875 rege
1055 3779 1424 3851 habituros
1459 3782 1531 3850 in
1567 3781 1711 3850 suis
1735 3779 2039 3878 publicis
2071 3805 2383 3850 conven-

255 3899 435 3971 tibus
463 3925 549 3972 ac
577 3900 908 3997 privatim
947 3896 1215 3992 ubique
1244 3897 1644 3993 jactitarent
1668 3953 1686 3987 ,
1720 3898 1869 3991 jam
1901 3922 1973 3968 se
2010 3921 2185 3992 pace
2215 3921 2380 3966 cum

255 4040 334 4086 eo
407 4017 826 4087 conciliatos
895 4014 1045 4084 fore
1112 4015 1546 4110 permaxime
1599 4012 2040 4083 laetabantur.
2121 4011 2382 4080 Exinde

333 4256 386 4310 1.
425 4254 574 4327 Voy.
618 4264 656 4306 t.
691 4253 778 4318 ΙΙ,
813 4271 868 4326 p.
907 4253 1002 4306 79.
