3400 5417
1182 506 1402 561 LIBER
1443 506 1848 562 SECUNDUS.
2481 506 2595 562 377

1147 828 1661 898 CAPITULUM
1723 786 1907 896 ‘vui

702 1030 779 1081 De
803 1028 999 1099 iniquis
1023 1028 1070 1080 N
1074 1029 1367 1081 ormanniae
1390 1025 1874 1081 consuetudinibus
1895 1027 2072 1096 aliqua
2100 1028 2358 1097 exempla.

558 1228 887 1319 Longum
916 1239 1096 1297 esset
1134 1226 1345 1296 nimis
1390 1240 1460 1295 et
1492 1240 1687 1296 extra
1721 1224 2031 1320 suscepti
2066 1224 2302 1320 operis
2334 1248 2605 1323 propo·—

458 1340 698 1432 situm,
752 1342 808 1411 si
858 1340 1142 1437 iniquas
1190 1355 1261 1411 et
1309 1342 1653 1438 pessimas
1685 1339 2262 1424 consuetudinem,
2302 1341 2451 1409 imo
2488 1365 2606 1410 ve-

459 1452 604 1522 rius
655 1451 1121 1549 corruptelaS,
1164 1476 1341 1547 quas
1376 1452 1796 1546 rigidissime
1839 1464 2053 1546 atque
2096 1449 2607 1522 studiosissime

458 1582 704 1639 tenent
748 1583 817 1640 et
864 1568 1284 1661 observant,
1324 1593 1578 1640 omnes
1620 1594 1797 1665 quas
1845 1567 1976 1667 ipsi
2011 1568 2343 1639 novimus
2392 1582 2606 1663 atque

458 1686 726 1781 experti
796 1709 1067 1774 sumuS,
1133 1684 1391 1755 referre
1456 1685 1822 1755 vellemus.
1881 1688 2056 1770 Quae
2120 1707 2230 1754 res
2283 1682 2608 1781 profecto

458 1801 765 1897 propriae
801 1799 1135 1869 editionis
1160 1824 1342 1897 opus
1365 1813 1437 1870 et
1469 1799 1870 1897 pergrande
1904 1800 2245 1872 volumen
2271 1826 2608 1898 exposce-

459 1929 590 1985 ret.
632 1916 1027 1987 Nonnullas
1060 1930 1299 1987 tamen
1334 1917 1639 2013 exempli
1676 1916 1925 2009 gratia,
1960 1941 2118 2012 qua*
2157 1941 2409 1987 eorum
2443 1916 2609 1987 fidei

461 2056 618 2126 quae
652 2031 961 2101 diximus
994 2031 1543 2129 adstipulentur,
1586 2057 1736 2103 non
1773 2033 2411 2129 praetermittendas
2438 2036 2612 2107 exis-

460 2149 892 2220 timavimus.

562 2269 797 2336 Unam
849 2264 1234 2338 observant
1290 2268 1810 2361 iniquissimam
1859 2264 2499 2355 consuetudinem,
2544 2283 2613 2338 et

462 2405 617 2476 qua*
648 2407 849 2478 paene
884 2382 1038 2452 lites
1073 2408 1325 2452 omnes
1363 2398 1485 2453 aut
1518 2383 1771 2477 longas
1817 2398 1937 2453 aut
1977 2383 2412 2453 immortales
2451 2384 2611 2455 red-

462 2495 592 2583 dit,
622 2496 848 2592 quod‚
889 2498 1009 2567 lite
1044 2498 1116 2567 in
1144 2521 1599 2593 quacumque
1629 2521 1842 2567 causa
1871 2498 1983 2567 vel
2011 2497 2307 2567 minima
2336 2512 2615 2569 contes-

461 2625 641 2701 tata,
695 2613 931 2683 nullus
964 2614 1437 2709 litigatorum,
1492 2615 1952 2710 quantumvis
1997 2612 2086 2682 de
2132 2636 2262 2682 suo
2311 2625 2615 2683 tantum-

463 2730 686 2800 modo
722 2731 1057 2825 interesse
1103 2733 1379 2829 privato
1414 2747 1686 2826 agatur,
1741 2731 2037 2828 impune
2082 2732 2468 2825 transigere
2505 2733 2613 2803 vel

464 2846 723 2941 pacisci
751 2861 984 2942 potest
1021 2848 1090 2915 in
1130 2872 1584 2943 quacumque
1613 2848 1987 2937 instantia3
2027 2845 2150 2918 sed
2183 2848 2235 2916 si
2265 2862 2616 2941 transege-

463 2964 605 3033 rint
651 2964 866 3034 etiam
903 2964 971 3032 in
1009 2964 1240 3059 prima
1276 2964 1612 3034 instantia
1649 2964 2029 3058 litiganteS,
2069 2979 2366 3059 uterque
2402 2990 2615 3062 pecu-

466 3080 584 3149 nia
642 3080 1024 3150 mulctatur
1080 3079 1171 3149 ad
1231 3078 1607 3149 arbitrium
1653 3079 1939 3173 judiciS,
2000 3095 2068 3148 et
2123 3081 2482 3151 interdum
2533 3106 2618 3153 ea

466 3195 767 3287 mulcta,
818 3221 974 3292 qua·
1025 3196 1117 3266 ad
1157 3197 1503 3290 majorem
1549 3219 1946 3285 summani,
1991 3218 2210 3288 quam
2262 3196 2477 3265 totius
2533 3197 2621 3266 sit

465 3313 834 3384 aestimatio
895 3314 1058 3402 litis,
1114 3310 1476 3384 ascendat.
1536 3312 1788 3406 Iniqua
1847 3308 2170 3409 profecto
2223 3324 2293 3380 et
2348 3311 2617 3381 caritati

460 3427 880 3525 juribusque
915 3430 1204 3500 inimica
1229 3427 1700 3518 consuctudO,
1734 3452 1890 3524 quae
1923 3453 2104 3524 swpe
2137 3425 2294 3498 lites
2324 3426 2619 3496 mulcta-

470 3570 627 3615 rum
663 3561 855 3616 metu
898 3572 1096 3643 paene
1142 3545 1356 3617 efficit
1406 3545 1871 3635 immortaleS,
1913 3559 1976 3615 et
2027 3543 2192 3614 odia
2228 3557 2443 3639 atque
2485 3543 2619 3612 ini-

470 3662 794 3753 micitias,
834 3688 989 3758 qna*
1038 3662 1308 3732 oboriri
1364 3686 1448 3732 ex
1497 3660 1743 3732 litibus
1804 3662 2070 3747 solent,
2129 3660 2349 3729 nutrit
2407 3674 2619 3752 atque

472 3778 695 3867 fovct3
732 3779 820 3849 de
850 3779 1113 3875 quibus
1152 3780 1381 3871 facilc,
1425 3780 1556 3849 nisi
1593 3794 1824 3849 metus
1874 3777 2290 3873 hujusmodi
2326 3778 2622 3847 mulcta-

469 3921 630 3966 rum
663 3895 1003 3989 obstaret,
1062 3899 1243 3967 inter
1290 3898 1676 3991 litigatores
1712 3895 1998 3989 transigi
2036 3910 2295 3991 posset,
2347 3896 2622 3991 ipsique

471 4013 653 4082 inter
686 4037 758 4081 se
802 4012 893 4083 ad
942 4016 1308 4085 caritatem
1341 4027 1409 4082 et
1451 4013 1840 4083 amicitiam
1893 4012 2138 4082 reduci
2187 4025 2251 4079 et
2297 4011 2620 4080 reconci-

470 4128 645 4200 liari.
715 4128 956 4219 Quod,
1019 4130 1478 4225 quantumvis
1531 4129 1604 4199 id
1657 4143 2026 4226 exoptent,
2087 4143 2323 4197 tamen
2375 4126 2619 4222 hujus-

470 4243 670 4315 modi
705 4260 896 4314 metu
926 4247 1237 4334 coerciti,
1277 4245 1504 4316 facere
1530 4245 1955 4342 plerumque
1991 4242 2285 4311 minime
2321 4240 2611 4312 audent.
