3400 5417
834 522 948 581 366
1671 510 2046 569 APOLOGIA
2064 552 2080 578 ‚

1566 804 2078 881 CAPITULUM
2126 802 2251 873 lv.

1488 1007 1736 1065 Secunda
1757 1007 1896 1062 ratio
1921 1006 2326 1064 consolationis.

934 1219 1119 1289 Huic
1142 1240 1317 1288 vero
1346 1215 1593 1313 primae
1624 1211 1886 1311 speciei
1917 1209 2432 1282 consolationis
2462 1208 2780 1281 semmda
2806 1234 2986 1281 oon·

838 1336 1171 1422 nectitur,
1216 1331 1548 1403 videlicet
1576 1328 1775 1427 quod
1794 1382 1813 1416 ,
1852 1328 1987 1399 Dei
2016 1325 2443 1426 providente
2471 1324 2566 1397 de
2598 1324 2811 1397 nobis
2850 1326 2985 1397 mi·

839 1451 1250 1540 sericordia,
1276 1448 1367 1520 de
1389 1448 1765 1545 tyrannica
1789 1443 2288 1516 dominatione
2309 1454 2384 1514 et
2397 1444 2592 1537 gravi
2615 1443 2980 1536 servitute,

840 1584 1183 1665 tanquam
1216 1565 1307 1637 de
1336 1569 1642 1662 AEgypto
1677 1562 1794 1634 vel
1840 1561 1930 1633 de
1965 1566 2068 1631 Ur
2097 1559 2599 1631 Chaldaeorum
2633 1575 2706 1632 et
2737 1560 2986 1634 medio

844 1680 1227 1779 Babylonis
1247 1734 1266 1770 ,
1309 1680 1387 1749 in
1435 1678 1695 1750 Christi
1748 1675 2150 1748 libertatem
2204 1676 2444 1747 vocati
2499 1700 2627 1748 seu
2683 1678 2990 1749 restituti

842 1824 1112 1871 sumus.

943 1914 1163 2005 Olim,
1199 1925 1277 1983 ut
1304 1910 1580 1982 Caesar
1563 1936 1637 1980 m
1667 1913 1781 1979 VI.
1813 1908 2517 1980 Commentariorum
2551 1906 2722 1979 belli
2757 1910 2994 2007 gallici

845 2030 1115 2119 scribit,
1184 2029 1259 2100 in
1313 2028 1545 2099 Gallia
1600 2026 1797 2097 fuere
1851 2024 1998 2096 duo
2063 2050 2327 2120 genera
2384 2025 2808 2118 hominum,
2869 2026 2996 2121 qui

846 2149 1089 2244 aliquo
1138 2160 1344 2219 erant
1384 2168 1690 2215 numero
1737 2157 1810 2213 et
1852 2142 2170 2233 honore,
2221 2142 2491 2214 scilicet
2537 2142 2890 2214 druidum
2930 2157 2996 2213 et

848 2265 1170 2362 equitum
1192 2294 1212 2355 3
1251 2277 1502 2333 caetera
1529 2286 1701 2331 vero
1725 2258 1930 2358 plebs
1959 2258 2125 2330 loco
2159 2283 2529 2331 servorum
2555 2259 2992 2333 habebatur.

850 2384 939 2451 Et
968 2378 1431 2481 potiebantur
1464 2392 1641 2447 tunc
1677 2375 2008 2465 druideS,
2046 2376 2170 2471 qui
2216 2375 2793 2474 illiustemporis
2835 2376 3001 2447 reli-

852 2497 1051 2593 gioni
1106 2493 1607 2588 sacrificiisque
1676 2491 2072 2585 vacabant,
2139 2491 2468 2564 maximis
2545 2491 2995 2586 honoribuS,

852 2608 1425 2683 immunitatibus
1459 2621 1674 2702 atque
1707 2604 2181 2698 libertatibus,
2215 2606 2479 2703 quibus
2512 2607 2732 2679 etiam
2777 2609 3003 2680 chris-

854 2730 1062 2799 tianae
1101 2727 1463 2821 religionis
1506 2722 1950 2820 temporibus
1981 2749 2152 2819 gens
2186 2724 2645 2796 sacerdotalis
2679 2726 3006 2798 similiter

857 2845 932 2914 in
980 2846 1211 2915 Gallia
1260 2843 1436 2911 olim
1498 2842 1724 2936 potita
1779 2846 1942 2934 est¹,
1995 2842 2163 2913 licet
2209 2841 2600 2936 aliquando
2645 2842 2836 2940 pluS,
2877 2844 3006 2915 ali-

857 2959 1153 3057 quando
1187 2959 1449 3029 minuS.
1486 2955 1719 3026 Hodie
1751 2982 1924 3027 vero
1951 2983 2137 3029 unus
2163 2960 2286 3053 qui
2312 2957 2456 3028 illic
2488 2957 2822 3057 imperat,
2857 2984 3006 3030 non

859 3077 1094 3147 solum
1131 3074 1417 3174 plebem
1459 3098 1753 3144 omnem
1775 3127 1793 3163 ,
1835 3073 1961 3145 sed
2007 3090 2076 3145 et
2119 3076 2391 3147 clerum
2422 3090 2636 3172 atque
2671 3077 3008 3149 sacerdo-

861 3195 1041 3264 tium
1072 3192 1358 3263 servitio
1386 3189 1683 3282 addixit,
1727 3191 1927 3261 omni
1953 3216 2244 3288 prorsus
2278 3192 2605 3265 libertate
2639 3193 3004 3293 adempta,

863 3335 997 3382 nec
1047 3310 1280 3380 solum
1341 3306 1584 3403 quoad
1648 3306 2120 3379 conserendas
2168 3310 2508 3408 pecunias
2550 3325 2674 3382 aut
2725 3310 3010 3381 servitia

866 3428 1228 3499 saecularia
1269 3424 1736 3523 imponenda,
1793 3450 2042 3495 verum
2090 3427 2304 3497 etiam
2345 3427 2584 3523 quoad
2639 3451 3010 3500 sacrorum

866 3543 1433 3639 dispositionem,
1474 3540 1937 3638 praelatosque
1969 3567 2103 3641 pro
2140 3558 2321 3616 nutu
2348 3543 2828 3615 instituendos
2857 3542 3015 3614 ubi-

868 3657 1043 3730 libet
1076 3673 1286 3753 atque
1323 3658 1587 3755 pariter
1623 3656 2138 3749 destituendos,
2174 3659 2452 3731 sublata
2481 3662 2758 3732 cunctis
2788 3660 3012 3731 eccle·

873 3778 990 3849 siis
1040 3776 1457 3871 generaliter
1507 3774 1833 3847 libertate
1887 3776 2020 3847 sibi
2073 3792 2390 3874 pastores
2436 3776 2773 3873 eligendi,
2816 3792 3016 3848 caete-

958 3978 1017 4036 1.
1063 3973 1309 4031 Thomas
1353 3972 1525 4029 Basin
1556 3970 1703 4030 n'est
1734 3993 1837 4052 pas
1879 3972 1934 4029 le
1970 3972 2224 4051 premier
2257 3972 2360 4050 qui
2384 3973 2465 4030 ait
2491 3974 2590 4031 fait
2623 3986 2772 4032 cette
2797 3973 3017 4031 assimi-

877 4073 1055 4132 lation
1088 4072 1189 4131 des
1225 4069 1459 4128 druides
1490 4090 1632 4128 avec
1670 4071 1726 4127 le
1765 4070 1958 4149 clerge
2001 4070 2079 4128 du
2115 4090 2324 4147 moyen
2369 4074 2499 4150 Age.
2543 4072 2666 4131 Elle
2708 4092 2770 4131 se
2807 4086 3016 4130 trouve

878 4169 1007 4242 dcja
1036 4167 1179 4225 dans
1203 4166 1257 4223 le
1282 4164 1707 4223 Commentaire
1736 4165 1807 4224 de
1834 4164 2020 4223 Raoul
2051 4164 2123 4223 de
2152 4166 2373 4224 Presles
2395 4186 2495 4224 sur
2525 4166 2578 4224 la
2597 4167 2721 4225 Ciu}
2747 4166 2820 4225 de
2841 4168 3012 4238 Dieu‚

879 4264 917 4322 l.
956 4268 1027 4336 V,
1058 4262 1227 4339 chap.
1258 4280 1394 4319 xxv·
