3400 5417
862 498 977 553 320
1702 488 2083 547 APOLOGIA
2106 530 2124 557 ,

860 620 1073 695 nobis
1096 622 1397 720 quidem
1411 676 1431 714 ‚
1464 620 1589 692 sed
1620 620 1758 718 ipsi
1799 644 1930 691 suo
1963 618 2182 690 unico
2218 640 2564 714 germano
2579 672 2600 709 ‚
2639 618 2992 719 fidemque

860 754 1209 813 sacratam
1240 738 1627 833 infringere
1658 750 1731 810 et
1763 735 2216 833 abrumpere.

959 855 1283 928 Tentavit
1303 854 1571 952 quippe
1594 852 1787 923 idem
1817 852 2149 949 princeps
2171 852 2488 949 optimus
2511 850 2818 945 efficere,
2851 878 2996 925 non

862 974 1081 1045 semel
1114 987 1395 1045 tantum
1415 1026 1433 1063 ‚
1473 969 1598 1041 sed
1631 968 1936 1066 plurieS,
1984 993 2151 1039 cum
2192 982 2358 1065 post
2385 966 2654 1040 dictam
2689 970 3003 1041 reconci-

861 1091 1227 1162 liationem
1270 1103 1340 1159 et
1377 1086 1644 1158 soedera
1675 1085 1980 1156 Turonis
2012 1085 2105 1158 ad
2139 1085 2416 1157 curiam
2443 1086 2627 1181 regis
2655 1086 3000 1179 venisset,

863 1230 1299 1301 omnemque
1355 1204 1449 1275 ad
1502 1203 1646 1273 hoc
1696 1216 2040 1273 conatum
2098 1201 2571 1273 sincerissima
2628 1201 3006 1274 affectione

862 1323 1210 1421 impendit
1244 1336 1322 1392 ut
1354 1345 1488 1391 nos
1519 1344 1641 1390 rex
1673 1318 1767 1389 ad
1806 1318 2101 1412 gratiam
2133 1318 2508 1415 reciperet,
2543 1332 2616 1389 et
2644 1318 3006 1415 potiundo

862 1440 1077 1512 rebus
1115 1440 1400 1527 nostriS‚
1441 1439 1857 1533 integraque
1891 1434 2102 1506 nobis
2134 1434 2554 1506 earumdem
2587 1436 2774 1506 facta
2809 1436 3007 1506 resti·

862 1557 1136 1627 tutione
1160 1612 1177 1645 ,
1218 1556 1293 1625 in
1347 1552 1644 1624 ecclesia
1687 1566 1935 1622 nostra
1979 1552 2091 1621 vel
2142 1550 2352 1641 alibi,
2393 1549 2522 1621 ubi
2556 1550 2770 1622 nobis
2809 1552 3008 1623 colli·

861 1673 1162 1765 buisset,
1214 1671 1415 1767 juxta
1473 1668 1757 1739 foederis
1801 1682 1872 1738 et
1921 1682 2300 1765 pactorum
2353 1667 2643 1755 seriem,
2697 1666 3005 1739 residere

862 1788 1084 1860 libere
1110 1788 1391 1875 liceret3
1418 1786 1724 1881 fecitque
1754 1784 1905 1880 ejus
1924 1784 2026 1854 rei
2042 1784 2262 1878 gratia
2281 1782 2518 1855 afferri
2541 1782 3006 1883 exhiberique

862 1922 933 1978 et
967 1906 1103 2001 legi
1128 1919 1290 1976 ante
1326 1928 1564 1997 regem
1591 1902 1857 1972 litteras
1891 1916 2268 1999 pactorum
2301 1913 2375 1971 et
2401 1898 2688 1971 foederis
2720 1900 2914 1971 inter
2939 1928 3008 1973 se

863 2025 1233 2115 initorum,
1275 2046 1431 2117 quae
1475 2019 1747 2107 omnia,
1790 2043 1947 2114 quae
1983 2016 2357 2115 poscebat,
2397 2015 2552 2086 fieri
2582 2014 2854 2089 debere
2889 2044 3012 2089 ex-

863 2140 1298 2238 pressissime
1347 2134 1842 2208 continebant.
1905 2139 1991 2205 Et
2039 2150 2280 2205 tamen
2337 2158 2496 2225 reri,
2555 2150 2794 2231 spreta
2842 2160 3011 2233 pro-

864 2256 1078 2327 missa
1122 2254 1261 2324 fide
1299 2268 1369 2324 et
1404 2252 1726 2346 neglecta
1756 2250 2219 2346 jurisjurandi
2249 2250 2592 2345 religione
2630 2250 3010 2322 solemnis-

864 2373 1041 2443 sime
1066 2397 1107 2443 a
1130 2398 1202 2441 se
1222 2370 1533 2469 pra-suti,
1560 2368 1991 2463 contemptis
2013 2367 2292 2463 scriptis
2311 2366 2456 2435 suis
2477 2389 2700 2436 manu
2717 2367 3012 2464 propria

864 2504 935 2558 et
960 2489 1203 2583 sigillis
1236 2487 1379 2556 suis
1417 2484 1691 2579 magnis
1727 2482 2105 2572 roboratis»,
2140 2481 2336 2578 quod
2362 2506 2498 2579 pro
2528 2480 2742 2552 nobis
2774 2498 3014 2580 postu-

865 2604 1171 2695 labatur,
1202 2601 1458 2672 immiti
1490 2615 1701 2696 atque
1730 2599 2073 2697 pertinaci
2098 2599 2341 2669 animo
2368 2598 2599 2669 facere
2631 2600 3008 2670 recusavit.

864 2717 1433 2809 TantummodO,
1473 2742 1638 2786 cum
1674 2715 1899 2784 multa
1935 2713 2071 2783 sibi
2109 2712 2200 2784 de
2239 2711 2450 2783 nobis
2485 2714 2740 2785 merita
2779 2716 2882 2809 (et
2913 2714 3010 2786 sa-

864 2837 997 2906 cile
1046 2860 1261 2933 supra
1310 2858 1528 2929 quam
1573 2832 1645 2901 in
1682 2830 1893 2901 nobis
1938 2830 2072 2925 est)
2109 2829 2301 2900 idem
2343 2831 2681 2927 princeps
2721 2831 3016 2902 referret

866 2967 1079 3047 atque
1114 2964 1480 3039 assereret,
1517 2963 1595 3017 ut
1624 2948 1946 3019 animum
1978 2946 2197 3044 ipsius
2230 2961 2505 3017 trucem
2533 2972 2618 3019 ac
2644 2973 2917 3019 saevum
2942 2950 3014 3019 in

870 3092 1002 3137 nos
1024 3066 1117 3137 ad
1147 3066 1599 3137 clementiam
1627 3064 2042 3149 inflecteret,
2074 3062 2165 3133 ab
2195 3088 2282 3133 eo
2307 3063 2451 3134 hoc
2480 3064 2718 3161 gratiae
2749 3091 3014 3137 munus

868 3184 1262 3280 exprimere
1312 3208 1430 3252 seu
1489 3197 1911 3275 extorquere
1957 3181 2229 3276 potuit,
2290 3194 2368 3248 ut
2417 3204 2538 3249 rex
2585 3180 2738 3251 haec
2795 3182 3014 3253 verba

868 3297 1003 3369 sibi
1038 3299 1229 3368 velut
1265 3323 1397 3394 pro
1444 3296 1712 3391 ingenti
1748 3321 2090 3366 concesso
2128 3294 2336 3366 nobis
2368 3294 2726 3368 beneficio
2763 3297 3014 3369 redde-

866 3430 974 3484 ret
1014 3442 1029 3485 ε
1080 3445 1111 3479 «
1156 3418 1253 3482 Ex
1291 3438 1437 3507 quo
1482 3442 1517 3480 υ
1568 3413 1803 3508 inquit
1849 3444 1880 3476 «
1923 3412 2112 3508 ipse,
2154 3436 2285 3508 pro
2337 3437 2484 3508 quo
2531 3429 2760 3487 tantas
2805 3414 3014 3485 nobis

867 3556 1111 3626 preces
1150 3529 1466 3621 funditis,
1510 3544 1612 3600 est
1648 3531 1756 3599 vir
1789 3544 2151 3599 tantorum
2189 3530 2633 3623 meritorum,
2676 3532 3014 3603 concedi-

870 3672 1030 3717 mus
1055 3648 1117 3716 ei
1147 3647 1343 3742 quod
1372 3647 1753 3743 prospiciat
1776 3645 1954 3715 dum
1986 3645 2266 3716 vacabit
2293 3646 2364 3715 in
2400 3648 2629 3744 patria
2663 3650 3014 3720 Occitana

872 3764 975 3834 vel
1012 3763 1503 3859 adjacentibus
1547 3765 1750 3833 terris
1783 3763 2021 3859 aliqua
2058 3763 2378 3854 ecclesia,
2429 3788 2628 3859 aeque
2665 3764 2869 3836 bona
2901 3764 3012 3835 vel

867 3882 1079 3952 etiam
1127 3880 1414 3950 uberior
1456 3879 1924 3977 proventibus
1974 3904 2192 3974 quam
2235 3905 2362 3951 sua
2405 3881 2900 3969 Lexoviensi53
2941 3897 3013 3952 et

868 3998 1348 4095 promittimus
1399 3997 1628 4067 facere
1680 3996 1881 4091 quod
1925 4021 2082 4068 eam
2127 3995 2505 4067 obtinebit.
2566 3996 2786 4084 Quod
2839 4022 3010 4067 vero

868 4114 1373 4183 Lexoviensem
1427 4112 1724 4184 retineat
1771 4126 1892 4184 aut
1944 4113 2018 4181 in
2074 4135 2159 4182 ea
2209 4112 2546 4201 resideat,
2597 4111 3008 4183 nullatenus

872 4230 1247 4324 patiemur.
1298 4261 1330 4294 »
