3400 5417
970 519 1084 576 310
1829 495 2244 587 nomeu,

965 650 1220 720 reverti
1256 649 1332 719 in
1371 648 1598 720 dictas
1631 647 2019 719 Cataloniae
2058 662 2281 718 terras
2312 647 2611 720 minime
2640 663 3075 747 poteramus
3095 702 3112 735 ‚

965 779 1112 836 tam
1137 764 1399 860 justas,
1441 778 1587 835 tam
1627 761 2086 836 rationabiles
2120 777 2195 834 et
2228 764 2637 837 manifestas
2662 819 2687 856 ‚
2742 765 2961 862 quod
2992 790 3119 836 nec

966 881 1024 952 si
1057 880 1256 977 apud
1287 879 1584 977 Scythas
1617 894 1742 951 aut
1773 903 2270 977 quoscumque
2299 877 2649 952 barbaros
2678 881 3080 976 egissemus
3094 934 3113 968 ‚

963 997 1437 1069 verisimiliter
1449 996 1735 1067 refutari
1763 995 2117 1067 ullatenus
2131 992 2573 1069 debuissent.
2604 995 3121 1070 Scribebamus

965 1112 1256 1209 insuper
1287 1112 1382 1184 ad
1435 1109 1830 1184 nonnullos
1886 1110 2193 1198 amicOS,
2234 1110 2361 1208 qui
2407 1111 2486 1182 in
2530 1111 2734 1183 curia
2776 1135 2921 1182 sua
2974 1135 3117 1182 non

963 1228 1198 1324 parvis
1235 1226 1715 1323 fungebantur
1736 1225 2165 1318 honoribus,
2202 1241 2283 1298 ut
2310 1226 2525 1302 nobis
2545 1251 2679 1298 suo
2705 1227 3115 1325 patrocinio

963 1345 1036 1414 in
1059 1345 1182 1415 tali
1207 1346 1618 1416 necessitate
1643 1367 1859 1442 opem
1878 1343 2059 1414 ferre
2090 1359 2449 1415 curarent.
2486 1342 2631 1426 Sed
2648 1342 3116 1414 calumniose

963 1463 1105 1532 suis
1142 1463 1532 1534 mendaciis
1585 1476 1865 1532 tantum
1910 1461 2107 1558 apud
2162 1485 2331 1532 eum
2371 1461 2635 1558 impius
2664 1460 2791 1531 ille
2838 1459 3117 1531 satelles

963 1576 1544 1648 cumfautoribus
1577 1577 1719 1647 suis
1742 1577 1978 1674 potuit
1990 1575 2275 1648 efficere
2294 1591 2399 1664 ut,
2426 1601 2662 1672 neque
2685 1601 2859 1668 nos,
2880 1601 3113 1672 neque

964 1693 1218 1790 aliquis
1265 1693 1713 1763 intercedens
1749 1718 1883 1791 pro
1912 1691 2127 1764 nobis
2156 1693 2305 1764 ullo
2338 1692 2561 1764 modo
2592 1691 2932 1764 exaudiri
2964 1716 3114 1790 pos-

961 1834 1220 1880 semus.
1263 1810 1456 1896 Quin
1503 1810 1741 1907 potius
1790 1810 2003 1882 nobis
2055 1834 2399 1907 responsa
2434 1809 2769 1906 quaedam
2800 1809 3115 1882 barbara

961 1948 1289 2019 prorsus,
1331 1948 1512 1994 saeva
1547 1939 1619 1993 et
1645 1924 2003 2012 crudelia,
2032 1948 2167 2020 pro
2205 1924 2464 1994 nostris
2486 1924 2901 2018 justissimis
2943 1925 3112 2022 peti·

965 2039 1281 2108 tionibus
1310 2055 1380 2110 et
1407 2040 1987 2112 excusationibus
2008 2095 2026 2129 ‚
2056 2041 2338 2113 reddita
2368 2057 2559 2112 sunt.

1062 2162 1236 2244 Quae
1285 2157 1974 2246 animadvertentes,
2016 2158 2341 2229 animum
2378 2182 2669 2254 quoque
2701 2157 2801 2232 ad
2840 2185 2985 2232 nos
3018 2175 3114 2254 ty-

964 2273 1170 2344 ranni
1195 2325 1213 2359 ‚
1255 2297 1472 2368 quem
1524 2273 1674 2368 ejus
1707 2289 1778 2343 et
1816 2272 2035 2345 verba
2080 2290 2150 2345 et
2188 2273 2369 2346 facta
2400 2273 2861 2362 indicabant,
2906 2277 3113 2346 simul

964 2391 1180 2461 etiam
1210 2389 1410 2484 quod
1440 2389 1631 2485 apud
1667 2416 1837 2461 eum
1871 2405 2141 2461 tantam
2178 2392 2479 2486 gratiam
2514 2407 2809 2486 tamque
2836 2390 3113 2463 facilem

967 2507 1242 2577 aditum
1290 2507 1517 2576 nostri
1574 2507 2130 2578 calumniatores
2183 2506 2584 2603 impiissimi
2623 2507 3105 2595 invenissent,

965 2623 1090 2717 qui
1127 2647 1274 2693 non
1312 2621 1507 2693 aliud
1543 2647 1762 2717 quam
1791 2647 1925 2693 nos
1957 2621 2318 2719 perditum
2350 2622 2438 2692 iri
2470 2621 2924 2718 quaerebant,
2964 2639 3043 2695 ut
3072 2648 3111 2694 a

965 2763 1039 2808 se
1066 2739 1308 2833 inique
1343 2755 1412 2810 et
1443 2737 1775 2834 improbe
1797 2739 2197 2835 concupitis
2225 2737 2440 2834 potiri
2473 2753 2767 2835 possent
2791 2740 2987 2834 (quae
3014 2764 3113 2809 res

967 2857 1067 2925 eis
1113 2857 1360 2952 procul
1413 2855 1642 2927 dubio
1699 2857 2179 2954 provenisset,
2220 2858 2277 2926 si
2323 2880 2581 2929 manus
2614 2856 2998 2951 sacrilegas
3044 2858 3111 2927 in

965 2997 1348 3068 personam
1396 2988 1711 3044 nostram
1748 2975 2029 3044 mittere
2066 2974 2522 3070 potuissent),
2560 2974 2944 3044 statuimus
2988 2998 3109 3071 pro

970 3104 1292 3185 tempore
1347 3115 1599 3159 eorum
1666 3090 1983 3160 furorem
2045 3105 2258 3184 atque
2312 3089 2658 3160 saevitiam
2720 3089 3103 3162 declinare.

971 3208 1150 3274 Cum
1185 3206 1376 3276 enim
1415 3231 1561 3276 non
1597 3231 1767 3277 oves
1794 3262 1811 3294 ‚
1857 3206 1980 3276 sed
2016 3206 2251 3277 solum
2285 3221 2645 3303 pastorem
2681 3208 3013 3279 occidere
3046 3223 3105 3279 et

969 3323 1266 3418 perdere
1302 3323 1756 3418 exquirerent
1775 3323 2065 3418 (quibus
2099 3321 2355 3393 ovibus
2385 3348 2517 3418 per
2541 3325 2850 3396 vicarios
2866 3342 2935 3396 et
2959 3352 3110 3423 pro-

971 3439 1103 3509 bos
1141 3441 1476 3510 officiales
1514 3439 1867 3533 valdeque
1925 3440 2227 3511 idoneos
2272 3439 2709 3510 sufficienter
2751 3445 3109 3538 provisum

973 3568 1180 3641 crat),
1217 3553 1544 3648 exemplo
1567 3568 1634 3621 et
1664 3567 2017 3650 pnrcepto
2053 3553 2437 3624 salvatoris
2466 3554 2684 3623 nostri
2716 3553 2985 3642 edocti,
3018 3580 3110 3625 sa·

974 3669 1106 3736 tius
1161 3668 1309 3736 sore
1353 3670 1909 3740 existimavimus
1962 3671 2537 3767 persequentium
2592 3671 2933 3742 servitiam
2989 3699 3109 3769 pro

972 3799 1294 3880 tempore
1354 3786 1747 3876 declinare,
1803 3812 2022 3882 quam
2072 3805 2332 3858 temere
2384 3803 2453 3857 et
2505 3789 2657 3857 sine
2708 3788 2953 3882 aliqua
2998 3815 3110 3885 spe

973 3901 1328 3996 profectus
1387 3929 1559 3984 nos,
1621 3904 1713 3974 ab
1760 3905 2029 3976 eisdem
2085 3904 2526 4000 perdend05‚
2570 3903 3111 3976 evidentissimis

968 4017 1324 4111 objectare
1365 4021 1715 4116 periculis.
