3400 5417
1078 470 1298 525 LIBER
1338 465 1745 527 SECUNDUS.
2374 462 2492 517 :175

352 600 605 697 longas
666 600 1092 675 dilationum
1149 602 1401 675 talium
1458 623 1698 675 moras
1761 614 2007 674 manet
2045 620 2327 699 semper
2380 620 2495 669 ee-

354 719 568 791 clesia
616 742 749 791 suo
792 719 954 816 jure
1003 719 1340 818 spoliata,
1387 743 1472 793 ae
1524 721 1826 820 perinde
1877 740 1968 791 eo
1986 774 2006 812 ,
2067 731 2234 817 post
2294 718 2493 813 longi

355 836 699 934 temporis
756 836 1064 935 spatium
1114 837 1390 935 privata
1410 894 1429 931 ,
1486 860 1572 911 ac
1608 838 1667 911 si
1699 850 1954 910 contra
1983 858 2058 908 se
2092 834 2494 932 judicatum

357 952 891 1050 diffinitumque
941 953 1206 1027 fuisset.

454 1072 599 1141 Has
641 1070 1003 1165 angustias
1026 1126 1044 1162 ,
1095 1071 1227 1142 has
1260 1072 1655 1144 calumnias
1680 1124 1699 1160 ,
1739 1070 1877 1143 hos
1926 1070 2137 1142 dolos
2169 1067 2500 1168 praelatos

353 1185 814 1257 eeclesiarum
867 1187 943 1258 in
987 1187 1363 1284 provincia
1412 1188 1872 1261 Normanniae
1905 1186 2259 1278 dietenus‚
2310 1183 2498 1284 proh

354 1302 569 1374 dolor
600 1301 617 1373 !
654 1304 931 1402 perpeti
962 1318 1034 1375 et
1066 1318 1320 1377 contra
1363 1328 1658 1377 omnem
1682 1305 1865 1400 juris
1897 1303 2306 1375 communis
2350 1302 2498 1373 dis-

356 1419 791 1517 positionem
815 1475 835 1513 ,
872 1431 1128 1492 contra
1182 1422 1476 1518 scriptas
1520 1421 1764 1519 patriae
1802 1419 2392 1512 consuetudines,
2430 1433 2503 1492 et

353 1535 786 1607 inveteratos
843 1550 1057 1631 atque
1108 1539 1432 1610 notorios
1499 1561 1667 1609 usus
1733 1538 2174 1609 anteriorum
2227 1550 2499 1635 tempo-

352 1674 552 1745 rum,
593 1654 795 1724 omni
821 1653 997 1747 juris
1042 1654 1307 1726 auxilio
1350 1654 1727 1726 destitutos
1753 1706 1775 1742 ,
1820 1654 2166 1725 sustinere
2216 1674 2503 1725 necesse

353 1782 485 1841 est.
543 1768 761 1856 Quod
808 1769 1168 1868 prosectO,
1213 1770 1269 1840 si
1306 1770 1482 1843 tales
1517 1771 1659 1842 sint
1709 1769 2006 1865 quibuS,
2047 1770 2149 1840 uti
2186 1792 2318 1867 par
2351 1790 2504 1840 esse

354 1880 687 1973 deberet,
748 1908 861 1956 res
916 1884 1404 1957 ecclesiasticae
1463 1899 1536 1957 et
1586 1900 2113 1958 sacramentum
2173 1883 2373 1980 quod
2426 1884 2500 1955 in

353 2022 482 2071 sua
518 2016 854 2100 praestant
887 2002 1352 2099 promotione
1413 2002 1504 2074 de
1562 2000 1837 2075 tuendo
1905 2017 1975 2073 et
2039 1999 2501 2073 defendendo

352 2141 646 2189 suarum
703 2118 1163 2191 ecclesiarum
1217 2120 1381 2216 jura
1399 2173 1418 2209 ‚
1492 2135 1707 2216 atque
1763 2117 1984 2191 decor
2042 2117 2302 2191 domus
2368 2118 2503 2190 Dei

353 2256 539 2303 curae
592 2233 767 2325 sint,
824 2249 1105 2306 tantum
1156 2236 1257 2307 eis
1312 2236 1683 2307 anxietatis
1731 2251 1801 2307 et
1851 2235 2196 2306 moestitiae
2244 2234 2503 2329 ingerit

352 2361 433 2418 ut
457 2404 477 2441 ,
523 2350 656 2420 nisi
696 2348 944 2421 divino
979 2374 1276 2422 munere
1311 2352 1866 2450 patientissimus
1900 2351 2153 2445 aliquis
2187 2350 2496 2442 exsistat,

355 2477 587 2536 tantas
638 2465 934 2561 injurias
982 2481 1196 2562 atque
1249 2468 1616 2539 molestias
1663 2481 1736 2538 et
1779 2465 2328 2563 inquietissimas
2357 2479 2504 2537 tur-

353 2581 683 2655 bationes
712 2583 837 2654 diu
876 2584 1057 2655 serre
1091 2608 1243 2655 non
1280 2585 1528 2683 possit.
1567 2586 1699 2655 Vix
1730 2585 1925 2655 enirn
1963 2584 2242 2679 aliquiS,
2278 2605 2504 2680 quan-

354 2702 617 2772 tumvis
681 2700 1309 2799 contemplationis
1387 2716 1668 2775 amator
1745 2716 1816 2773 et
1889 2701 2232 2772 doctrina?
2298 2702 2502 2773 verbi

352 2818 482 2889 Dei
536 2841 621 2889 ac
676 2815 907 2914 plebis
973 2816 1259 2888 salutari
1325 2818 1776 2889 instructioni
1832 2816 2252 2889 incumbere
2309 2818 2502 2888 solli-

352 2932 533 3004 citus
583 2946 653 3003 et
705 2931 1143 3024 desideran5‚
1192 2932 1337 3003 hoc
1391 2936 1773 3032 tranquille
1825 2956 2155 3007 exercere
2207 2934 2501 3032 permit-

354 3050 550 3140 titur,
609 3049 784 3144 qujn
838 3049 1075 3120 statim
1131 3048 1433 3121 stimulis
1482 3050 2004 3143 insurgentium
2058 3048 2194 3121 sibi
2249 3048 2500 3121 talium

355 3175 586 3245 litium
642 3190 710 3246 et
770 3174 1354 3272 quotidianarum
1410 3174 1865 3269 querelarum
1895 3228 1913 3263 ,
1961 3198 2005 3243 a
2059 3199 2190 3245 suo
2252 3190 2500 3245 sancto

359 3291 731 3387 proposito
773 3291 884 3361 vel
918 3290 1268 3362 alienetur
1297 3286 1409 3360 vel
1448 3286 1890 3359 deturbetur.
1939 3288 2171 3381 Unde,
2206 3302 2503 3386 propter

355 3406 855 3501 hujuscemodi
910 3406 1350 3501 effugiendas
1403 3404 1936 3477 molestissimas
1986 3429 2191 3477 curas
2231 3420 2302 3476 et
2343 3431 2504 3504 per-

358 3522 839 3614 turbationem,
890 3522 1202 3594 vidimus
1256 3536 1459 3595 aetate
1499 3537 1743 3594 nostra
1788 3521 2231 3595 venerabiles
2266 3537 2502 3621 patres

357 3642 774 3733 Hugonem,
842 3639 1463 3738 archiepiscopum
1538 3639 2229 3733 Rothomagensem,
2313 3644 2499 3711 Mar-

356 3755 596 3826 tialem
654 3754 1159 3827 Ebroicensem
1182 3813 1199 3847 ‚
1263 3754 1732 3826 Philibertum
1805 3757 2419 3828 Constantiensem
2452 3763 2493 3843 ¹,

444 4038 496 4093 ¹.
546 4037 784 4111 Hugucs
825 4034 1100 4114 d’Orges,
1144 4034 1508 4110 archeveque
1550 4032 1621 4089 de
1662 4038 1906 4102 Rouen3
1943 4032 2167 4092 Martial
2211 4034 2498 4106 Formier,

358 4132 581 4207 &reque
610 4124 937 4201 d’Evreux,
972 4148 1029 4190 et
1067 4132 1345 4190 Philibert
1375 4131 1447 4190 de
1476 4132 1733 4206 Montjeu
1757 4180 1770 4205 ‚
1805 4134 2026 4208 eveque
2056 4132 2126 4189 de
2153 4134 2494 4199 Coutance5‚

358 4230 865 4289 demissionnaires
881 4250 955 4289 en
976 4233 1132 4288 1436
1156 4244 1211 4288 et
1240 4236 1419 4290 1439.
1440 4236 1547 4291 Ces
1566 4231 1862 4310 exemples
1881 4231 2006 4288 font
2030 4230 2159 4289 voir
2177 4250 2292 4307 que
2311 4229 2497 4287 l'abus
