3400 5417
870 434 988 492 334
1730 432 2112 499 APOLOGIA
2128 476 2145 503 ,

866 564 1423 659 Pontiniacum¹,
1456 564 1583 634 ubi
1617 578 1915 662 perante
1952 562 2207 653 beatus
2233 563 2571 659 ThomaS,
2611 580 3005 647 antecessor

866 705 1061 773 sum,
1102 705 1231 784 per
1270 703 1501 751 annos
1541 680 1810 751 multos
1847 678 2254 771 delituerat,
2293 679 2530 753 clarus
2561 696 2635 753 et
2671 682 3006 781 operibus

864 795 1079 867 bonis
1102 811 1173 868 et
1200 795 1558 868 miraculis
1590 795 1833 869 multis
1855 820 2082 900 usque
2115 794 2210 867 ad
2236 811 2642 871 extremum
2671 824 3006 899 corpora·

864 911 949 982 lis
978 937 1119 990 suae
1155 912 1745 1011 peregrinationis
1781 911 1971 983 diem
2009 911 2460 1008 permansit²,
2493 912 2739 1012 ibique
2779 916 3006 1015 sepul·

866 1042 979 1100 tus
1015 1044 1085 1100 et
1116 1030 1191 1100 in
1231 1054 1491 1125 magna
1520 1029 1978 1111 veneratione
2004 1027 2293 1101 habitus
2320 1031 2728 1127 requiescit.

963 1144 1080 1215 Sic
1114 1159 1184 1214 et
1212 1144 1572 1237 innumeri
1600 1144 1720 1215 alii
1744 1144 1970 1216 sancti
2001 1144 2157 1239 viri,
2194 1144 2497 1217 diversis
2521 1145 2698 1218 locis
2731 1169 2821 1217 ac
2846 1160 3009 1217 tem·

866 1259 1165 1357 poribus
1200 1259 1475 1332 rabiem
1511 1259 1949 1333 declinantes
1988 1276 2535 1359 persecutorum
2579 1276 2802 1361 atque
2835 1263 2910 1335 in
2941 1288 3008 1333 se

865 1378 1108 1449 saevire
1139 1378 1562 1469 volentium,
1596 1391 1954 1485 praecepto
1998 1377 2226 1447 innixi
2256 1391 2472 1473 atque
2505 1379 2842 1484 exemplo
2875 1379 3010 1450 Sal·

866 1493 1155 1583 vator-is,
1189 1492 1391 1563 sedes
1417 1492 1744 1589 proprias
1775 1489 2140 1587 reliquisse
2168 1490 2530 1586 leguntur,
2566 1492 2680 1561 vel
2709 1490 2811 1563 ad
2841 1506 3007 1563 tem·

864 1631 1025 1704 puS‚
1079 1605 1190 1677 vel
1233 1605 1582 1705 quamdiu
1625 1606 1700 1676 in
1734 1606 2070 1677 humanis
2112 1607 2521 1705 superstites
2564 1608 3001 1679 exstiterunt.

868 1723 1074 1795 Unde
1093 1722 1346 1794 beatus
1383 1722 1834 1817 Augustinus,
1861 1720 2050 1793 libro
2083 1721 2405 1793 secundo
2436 1735 2691 1794 contra
2719 1726 3006 1795 Cresco·

867 1839 1069 1909 nium
1104 1864 1121 1909 :
1164 1868 1199 1907 «
1240 1838 1583 1910 Nonnulli
1620 1866 1658 1907 η
1690 1840 1926 1937 inquit
1957 1870 1992 1905 α
2032 1855 2279 1912 sancta
2304 1840 2706 1912 humilitate
2739 1842 3006 1941 praediti

864 1954 1024 2045 viri,
1066 1968 1360 2055 propter
1386 1953 1715 2052 quaedam
1759 1956 1834 2027 in
1865 1980 1939 2026 se
1972 1954 2434 2049 offendicula,
2472 1956 2738 2053 quibus
2765 1958 2883 2059 pie
2913 1984 3008 2030 re·

866 2072 1255 2168 ligioseque
1292 2068 1798 2161 movebantur,
1838 2072 2293 2173 episcopatus
2327 2070 2682 2167 officium,
2719 2099 2876 2146 non
2908 2100 3002 2146 so·

867 2188 1018 2258 lum
1053 2188 1206 2257 sine
1238 2186 1477 2283 culpa,
1517 2211 1770 2262 verum
1797 2189 2013 2259 etiam
2046 2213 2214 2261 cum
2250 2189 2466 2260 laude
2505 2206 2928 2289 posuerunt.
2971 2220 3004 2257 n

868 2303 1075 2374 Unde
1107 2301 1623 2375 rationabiliter
1657 2303 1867 2374 valde
1905 2319 2175 2376 canunt
2201 2305 2390 2400 jura,
2434 2304 2636 2405 quod
2673 2308 2840 2404 quis
2870 2331 3006 2378 non

866 2434 1144 2491 tenetur
1176 2444 1249 2491 se
1296 2419 1586 2491 credere
1622 2434 1692 2489 et
1731 2419 2178 2491 committere
2213 2418 2348 2492 sub
2393 2422 2666 2493 inimici
2701 2437 3008 2519 potesta·

866 2552 1046 2629 tem,
1090 2539 1306 2608 etiam
1340 2536 1523 2608 datis
1556 2534 1690 2606 sibi
1726 2533 2370 2633 qualibuscumque
2401 2537 2653 2609 litteris
2691 2536 2789 2609 de
2823 2538 3006 2609 salvo

864 2652 1253 2723 conductu.
1304 2652 1522 2748 Cujus
1554 2652 1911 2723 rationem
1945 2652 2242 2751 pulchre
2270 2654 2570 2753 Sapiens
2603 2652 3001 2745 subintulit,

867 2770 1132 2839 Eccles.
1174 2773 1325 2837 Xll.
1356 2772 1744 2862 Postquam
1776 2769 1973 2839 enim
2013 2770 2460 2864 praemisisset
2494 2770 2673 2842 illud
2695 2796 3005 2872 praecep-

867 2902 1020 2956 tum
1050 2912 1065 2954 ε
1104 2916 1138 2953 «
1173 2890 1332 2955 Non
1365 2884 1612 2956 credas
1641 2900 1710 2955 te
1738 2886 2030 2955 inimico
2057 2900 2183 2956 tuo
2215 2888 2289 2955 in
2317 2900 2687 2979 aeternum,
2727 2915 2763 2953 »
2800 2886 3002 2986 paulo

864 3015 1026 3099 post
1058 3030 1073 3070 :
1110 3030 1144 3067 «
1178 3005 1257 3071 ln
1290 2998 1497 3069 labiis
1534 3029 1564 3068 1>
1603 3001 1837 3096 inquit
1875 3029 1909 3069 «
1950 3002 2093 3071 suis
2129 3000 2448 3073 indulcat
2479 3003 2847 3092 inimicuS,
2890 3003 3003 3075 sed

864 3119 941 3187 in
986 3118 1204 3188 corde
1255 3141 1386 3187 suo
1427 3115 1801 3186 insidiatur
1850 3129 1930 3185 ut
1977 3114 2341 3188 subvertat
2371 3132 2440 3187 te
2478 3118 2551 3188 in
2608 3119 2918 3191 foveam.
2965 3147 2997 3185 υ

867 3233 1082 3319 Quod
1115 3233 1170 3303 si
1204 3233 1301 3303 ita
1337 3232 1446 3303 vir
1483 3231 1800 3329 prudens
1836 3229 1969 3301 sibi
2003 3228 2096 3300 ab
2136 3231 2344 3302 hoste
2379 3257 2631 3304 cavere
2669 3233 2912 3327 debet,
2949 3235 3000 3305 si

866 3375 938 3419 se
967 3350 1242 3420 salvum
1266 3348 1460 3440 velit,
1495 3349 1709 3418 etiam
1743 3346 1868 3416 ubi
1893 3348 2005 3417 vel
2037 3346 2172 3418 sibi
2208 3347 2336 3444 ipsi
2373 3348 2484 3419 vel
2519 3348 2638 3419 alii
2671 3350 2999 3448 cuiquam

866 3493 1033 3537 enm
1066 3466 1285 3537 fidem
1328 3465 1649 3535 fefellisse
1693 3464 1991 3533 minime
2026 3477 2356 3563 expertus
2389 3479 2526 3559 est,
2575 3490 2796 3563 quam
2846 3466 3002 3537 deli·

868 3608 986 3652 rus
1019 3597 1088 3652 et
1124 3582 1342 3652 veluti
1378 3580 1608 3652 fatuus
1658 3577 2057 3650 censendus
2101 3580 2285 3675 juste
2330 3580 2548 3671 soret,
2597 3582 2723 3680 qui
2764 3607 2842 3653 se
2892 3580 2999 3651 tali

867 3699 1157 3769 inimico
1189 3698 1476 3768 credere
1508 3712 1858 3796 pergeret,
1891 3721 2105 3791 quem
2138 3697 2530 3768 innumeris
2563 3724 2764 3796 paene
2791 3698 2997 3769 fidem

950 3909 1007 3963 1.
1056 3904 1363 3981 Pontigny‚
1394 3902 1536 3960 dans
1565 3901 2094 3959 l'arrondissement
2125 3903 2450 3961 d'Auxerre
2479 3908 2753 3975 (Yonne).

948 4004 1005 4055 3²..
1052 4000 1210 4058 Saint
1246 3998 1427 4055 Edme
1466 4010 1701 4055 mourut
1745 3999 1775 4053 51
1813 3998 2028 4073 Soissy,
2075 3998 2206 4075 pres
2251 3999 2322 4055 de
2356 3998 2627 4071 ProvinS,
2672 3997 2728 4055 le
2775 4000 2852 4056 16
2888 4016 2995 4055 no-

870 4092 1105 4150 vembre
1128 4097 1279 4151 1240
1304 4115 1319 4165 3
1350 4092 1491 4149 mais
1512 4093 1551 4149 il
1574 4094 1658 4149 sut
1677 4092 1914 4149 inhumc
1936 4096 1968 4149 ἐι
1992 4094 2301 4170 Pontigny,
2321 4112 2548 4151 comme
2570 4093 2624 4151 le
2645 4092 2728 4151 dit
2755 4095 2990 4153 Thomas

868 4187 1056 4247 Basin.
