3400 5417
928 530 1044 587 138
1476 535 1991 592 msromanuu
2027 535 2385 593 Lunovlcl
2419 535 2508 593 xl

925 687 1148 759 regno
1179 664 1598 739 deturbatos
1647 665 1860 740 fuisse
1877 724 1895 759 ‚
1936 692 2105 742 cum
2146 666 2544 740 referantur
2572 693 2797 766 usque
2836 671 2927 744 ad
2950 675 3043 746 vi-

923 780 1102 875 ginti
1153 781 1338 856 duos
1358 840 1377 875 ,
1437 782 1703 856 talibus
1769 783 2199 856 factionibus
2240 799 2314 856 et
2360 783 2636 857 obortis
2680 801 2929 861 contra
2978 815 3047 861 se

923 898 1371 997 perfidorum
1419 901 1931 993 simultatihuS‚
1994 901 2205 974 fuisse
2252 902 2552 974 occisos.
2613 902 2831 989 Quod
2874 907 2935 976 si
2979 906 3048 976 in

925 1016 1245 1113 regihm,
1283 1033 1355 1089 et
1381 1020 1505 1114 qui
1539 1020 1820 1116 imperii
1853 1020 2138 1090 culmen
2176 1011 2325 1113 ja'm
2360 1017 2735 1110 tenebant,
2772 1019 2851 1091 id
2872 1019 3051 1093 effici

923 1136 1190 1232 potuit,
1225 1128 1452 1208 multo
1490 1136 1765 1209 facilius
1798 1138 1871 1207 in
1904 1138 2017 1208 his
2060 1135 2590 1234 impuberibuS,
2630 1138 2757 1234 qui
2790 1138 3050 1210 nedum

923 1251 1318 1348 quidquam
1367 1254 1651 1352 imperii
1692 1277 1827 1324 nec
1866 1277 2098 1325 annos
2138 1252 2587 1325 discretionis
2635 1254 3047 1348 attigerunt,

923 1365 998 1438 id
1038 1366 1316 1439 admitti
1353 1394 1561 1468 posse
1596 1369 2003 1468 putandum
2041 1384 2183 1458 est3
2221 1369 2485 1464 quibus
2530 1369 2727 1442 nulla
2764 1394 3051 1467 prorsus

920 1498 1029 1553 est
1084 1482 1502 1558 obluctaudi
1562 1509 1685 1556 seu
1744 1485 2114 1557 resistendi
2176 1485 2495 1557 facultas.
2548 1489 2803 1556 Vetere
2860 1488 3049 1558 enim

921 1595 1352 1692 proverbio:
1392 1627 1426 1662 c<
1467 1601 1976 1692 Regnumnon
2014 1599 2203 1694 capit
2231 1597 2441 1689 dum,
2481 1611 2553 1668 et
2590 1597 2788 1669 nulla
2813 1613 3051 1670 sancta

920 1726 1028 1782 est
1059 1713 1261 1807 regni
1289 1713 1585 1784 societas
1613 1737 1847 1809 neque
1881 1712 2092 1802 fides3
2125 1743 2159 1780 ι)
2190 1729 2262 1784 et
2288 1716 2497 1805 item,
2534 1741 2569 1780 «
2603 1737 2753 1784 non
2776 1714 3053 1810 patiun-

922 1842 1038 1898 tur
1071 1831 1346 1900 socium
1371 1853 1671 1924 regnum
1695 1845 1766 1900 et
1798 1828 2017 1900 taedae.
2037 1861 2069 1894 υ
2116 1829 2318 1900 Unde
2354 1831 2568 1899 etiam
2588 1827 3049 1926 postmodum

921 1968 1057 2041 pro
1099 1970 1270 2017 vero
1320 1960 1392 2016 et
1443 1945 1853 2017 indubitato
1908 1947 2278 2040 cognitum
2323 1960 2463 2036 est,
2507 1944 2707 2041 quod
2756 1943 2851 2015 ab
2897 1945 3049 2041 ipso

923 2058 1147 2156 impio
1179 2060 1534 2157 parricida
1570 2061 1705 2157 ipsi
1730 2061 1933 2157 pueri
1958 2060 2128 2154 regii
2154 2115 2172 2151 ,
2208 2074 2502 2156 nepotes
2530 2060 2638 2130 sui
2657 2114 2678 2149 ,
2705 2081 2830 2128 seu
2855 2058 3051 2154 jussu

922 2177 1143 2272 ipsius
1177 2179 1527 2276 perempti
1561 2177 2029 2272 exstinctique
2060 2177 2347 2246 fuerunt
2369 2180 2411 2243 ¹.

1025 2293 1256 2364 Rebus
1289 2295 1502 2389 igitur
1544 2295 1639 2364 ita
1675 2296 1749 2364 in
1807 2294 2049 2386 Anglia
2098 2289 2720 2389 procurrentibuS‚
2762 2289 2907 2362 illic
2942 2293 3053 2362 Ri-

921 2409 1180 2499 cardo‚
1243 2411 1468 2480 modo
1528 2434 1747 2505 quem
1794 2410 2235 2480 narravimus
2260 2465 2277 2499 ,
2330 2431 2631 2502 regnum
2688 2423 3048 2500 assecuto,

921 2524 1260 2596 manebat
1290 2525 1692 2597 Ludovicus
1747 2531 2185 2597 Francorum
2220 2549 2337 2594 rex
2377 2547 2543 2595 cum
2585 2523 3053 2596 illustrissimo

922 2642 1404 2712 Maximiliano
1438 2656 1506 2711 et
1541 2643 1744 2712 terris
1776 2643 1920 2712 suis
1969 2643 2044 2710 in
2078 2665 2279 2737 pace.

1018 2760 1491 2853 Trajectenses
1547 2783 1754 2850 vem,
1832 2783 1958 2854 spe
2013 2782 2233 2852 quam
2300 2757 2369 2826 in
2446 2756 2597 2849 ejus
2655 2755 3057 2827 habuerant

921 2875 1186 2944 auxilio
1237 2875 1589 2966 destituti,
1636 2874 2017 2946 trahebant
2053 2875 2385 2944 miseram
2429 2873 2650 2943 vitam
2702 2874 2777 2942 in
2834 2872 3054 2943 multa

920 2992 1222 3088 penuria
1262 3005 1333 3060 et
1373 2992 1653 3062 caristia
1686 2991 2099 3062 victualium
2124 3043 2143 3076 ‚
2178 3004 2424 3086 utpote
2456 2987 2547 3060 ab
2575 2988 2910 3059 hostibus
2933 2990 3057 3060 cir·

923 3132 1376 3203 cumquaque
1419 3107 1722 3195 obsessi,
1765 3133 1913 3178 uno
1961 3123 2201 3177 tamen
2253 3105 2518 3200 angulo
2563 3105 2815 3174 relicto
2866 3104 3052 3175 unde

923 3222 1015 3292 ad
1048 3249 1171 3295 eos
1195 3278 1212 3311 ,
1251 3249 1384 3294 nec
1420 3225 1570 3294 sine
1596 3249 1855 3318 magna
1880 3226 2185 3295 militum
2218 3239 2286 3293 et
2320 3237 2760 3293 armatorum
2790 3223 3053 3292 civium

923 3342 1410 3433 multitudine,
1468 3367 1763 3413 annona
1820 3342 2075 3414 advehi
2129 3355 2389 3437 posset.
2457 3339 2559 3410 Ad
2612 3338 2814 3432 quod
2880 3363 3055 3436 opus

924 3485 1103 3557 saepe
1143 3461 1377 3529 miseri
1415 3461 1643 3549 civeS‚
1683 3459 2013 3555 quotiens
2058 3458 2378 3552 tyrannis
2411 3457 2554 3525 suis
2579 3454 3048 3531 collibuisset,

922 3576 1056 3646 sub
1115 3577 1273 3647 vitae
1322 3577 1675 3672 peric1110‚
1740 3577 1931 3645 velut
1986 3574 2155 3646 vilia
2204 3574 2526 3667 jumenta
2586 3571 2697 3640 vel
2751 3595 3049 3667 pecora,

924 3695 1112 3764 exire
1157 3693 1625 3789 cogebantur.
1675 3698 1723 3760 Α
1780 3691 2041 3788 quibus
2089 3715 2253 3760 cum
2311 3701 2763 3784 compertum
2822 3687 3049 3758 suisset

922 3811 1382 3908 quamplures
1431 3835 1515 3880 ex
1565 3810 1697 3893 εἰς,
1744 3810 1865 3904 qui
1904 3809 2005 3879 sic
2048 3805 2373 3892 exibant,
2414 3805 2708 3875 minime
2752 3803 2847 3875 ad
2886 3805 3051 3874 civi-

1002 4021 1060 4075 1.
1111 4019 1270 4074 Cette
1302 4015 1512 4092 phrase
1548 4029 1632 4073 est
1671 4035 1787 4072 une
1816 4013 2071 4072 addition
2101 4014 2477 4090 posterieure‚
2509 4011 2755 4087 puisque
2776 4055 2792 4080 ‚
2826 4011 2964 4069 dans
3006 4012 3054 4066 le

923 4110 1282 4190 paragraphe
1335 4109 1639 4186 precedent
1667 4153 1679 4175 ‚
1731 4109 1975 4165 l'auteur
2016 4129 2047 4164 a
2096 4108 2175 4164 dit
2216 4108 2393 4182 qn'on
2431 4126 2505 4162 ne
2544 4106 2724 4161 sax-air
2762 4125 2864 4182 pas
2900 4105 2944 4159 si
2978 4105 3054 4158 los

923 4208 1147 4264 ensants
1190 4197 1514 4261 cl’Edouard
1559 4204 1805 4260 vivaient
1839 4224 2067 4260 encore.
2110 4209 2185 4259 Le
2210 4202 2344 4273 jour
2375 4214 2427 4256 et
2458 4201 2510 4256 la
2541 4201 2793 4255 mamere
2825 4199 2960 4254 dont
2988 4199 3052 4252 ils

925 4302 1174 4378 perirent
1204 4311 1334 4356 sont
1362 4298 1648 4355 d‘ailleurs
1683 4311 1860 4355 restes
1890 4318 1965 4354 un
1998 4297 2246 4370 myster-e
2270 4291 2707 4370 impenetrable.
