3400 5417
848 475 963 530 352
1698 471 2074 529 APOLOGIA
2091 512 2108 541 ,

846 604 1175 678 absentes
1218 603 1613 700 quidquam
1646 602 1739 674 de
1771 586 2386 675 administratione
2421 602 2600 698 ejus,
2647 605 2762 677 vel
2799 620 2974 679 tem·

848 720 1205 820 poralium
1234 722 1346 791 vel
1375 719 1877 817 spiritualium,
1915 744 2301 817 procurare
2339 734 2464 792 aut
2495 744 2738 815 gerere
2757 774 2778 810 ,
2811 746 2972 793 cum

849 862 982 908 nec
1014 836 1349 907 nuntium
1387 849 1510 905 aut
1551 835 1928 931 epistolam
1968 836 2348 933 quisquam
2402 860 2446 908 a
2495 835 2708 907 nobis
2765 839 2978 909 susci·

850 975 1017 1048 pere
1052 950 1162 1021 vel
1200 949 1291 1021 ad
1327 974 1460 1020 nos
1500 949 1652 1019 sine
1695 948 2008 1019 evidenti
2041 951 2150 1020 sui
2188 951 2436 1047 capitis
2469 950 2790 1047 periculo
2827 950 2978 1023 des-

849 1068 1076 1138 tinare
1102 1065 1397 1137 auderet
1431 1092 1447 1135 :
1486 1064 1578 1135 ad
1603 1064 2132 1137 occurrendum
2163 1080 2270 1136 tot
2297 1066 2502 1137 malis
2528 1080 2600 1137 et
2619 1066 2973 1163 periculis,

850 1198 920 1256 et
960 1184 1051 1255 ad
1083 1184 1330 1255 omnia
1364 1182 1683 1254 tollenda
1719 1182 2054 1254 scandala
2086 1208 2244 1279 quae
2284 1182 2555 1254 malitia
2599 1182 2818 1255 etiam
2859 1182 2980 1254 ali-

852 1326 1161 1397 quorum
1212 1300 1300 1371 de
1337 1298 1549 1397 plebe
1604 1312 1885 1389 nostra,
1955 1299 2120 1369 licet
2180 1323 2484 1369 numero
2545 1322 2978 1395 paucorum,

852 1414 1280 1485 devotorum
1344 1414 1915 1510 comparatione,
1974 1412 2352 1484 adversum
2401 1438 2535 1483 nos
2602 1412 2938 1484 excitarat
2961 1469 2979 1504 ,

855 1532 1083 1625 regias
1114 1554 1320 1601 aures
1366 1530 1510 1598 suis
1550 1528 1739 1599 salsis
1771 1543 1843 1598 et
1880 1528 2338 1599 calumniosis
2371 1526 2988 1599 criminationibus

856 1645 1262 1743 implendO,
1331 1644 1822 1714 consensimus
1872 1642 1945 1713 id
2002 1642 2200 1739 quod
2242 1641 2747 1713 desiderabant
2783 1642 2987 1739 perfi-

857 1787 1015 1833 cere
1041 1818 1058 1853 ,
1098 1763 1263 1831 licet
1298 1773 1552 1830 nostrae
1602 1759 2022 1831 calamitatis
2071 1758 2262 1829 hanc
2291 1746 2578 1829 'sortem
2625 1783 2710 1830 ac
2760 1760 2990 1831 vicem

856 1879 1246 1976 plurimum
1298 1876 1659 1965 dolenteS,
1708 1876 1904 1971 quod
1965 1900 2114 1946 non
2166 1876 2443 1946 licuerit
2497 1875 2713 1947 nobis
2747 1876 2838 1947 ad
2885 1902 2992 1948 ec-

858 1996 1083 2065 clesiae
1165 1993 1749 2091 procurationem
1824 1992 2373 2088 doctrinamque
2439 1990 2669 2063 fidelis
2745 1994 2992 2089 populi

860 2124 1187 2181 nostrum
1224 2112 1378 2178 Deo
1440 2108 1707 2178 diutius
1725 2112 1748 2127 ''
1767 2106 2104 2178 exhibere
2165 2106 2610 2178 famulatum.
2677 2109 2858 2181 Nam
2903 2108 2995 2179 de

861 2224 1237 2321 temporali
1303 2224 1582 2294 honore
1640 2223 1754 2292 vel
1810 2222 2072 2319 opibus
2144 2222 2479 2308 terreniS,
2551 2222 2818 2317 quibus
2879 2248 2997 2295 ec-

862 2341 1072 2411 clesia
1102 2341 1267 2411 satis
1300 2338 1638 2409 nobiliter
1673 2339 1919 2410 dotata
1952 2352 2081 2430 est,
2123 2337 2319 2433 quod
2353 2338 2454 2410 eis
2490 2362 2732 2410 carere
2762 2338 2996 2412 habe-

864 2481 1101 2527 remus
1128 2511 1145 2546 ,
1197 2455 1491 2525 minime
1542 2469 1868 2524 nostrum
1915 2452 2252 2549 tangebat
2284 2454 2597 2548 tangitve
2629 2453 2990 2525 affectum.

961 2574 1187 2667 Hujus
1231 2585 1469 2641 autem
1511 2571 1612 2640 rei
1668 2570 2120 2667 perficiendae
2152 2571 2373 2665 gratia
2399 2625 2417 2658 ‚
2470 2569 2561 2640 ad
2605 2570 2998 2667 petendum

864 2705 1079 2785 atque
1099 2688 1649 2787 supplicandum
1676 2711 1719 2757 a
1747 2690 2189 2759 sanctissimo
2212 2702 2410 2785 patre
2433 2687 2732 2757 domino
2755 2701 2998 2758 nostro

866 2830 1054 2902 papa
1091 2806 1313 2893 Sixto,
1355 2829 1636 2873 summo
1668 2804 2035 2901 pontifice,
2067 2804 2343 2874 admitti
2381 2802 2476 2873 ob
2504 2801 2732 2876 dictas
2755 2829 3002 2877 causas

869 2921 1262 2990 cessionem
1294 2934 1639 3010 nostram,
1681 2944 1956 3013 nosque
1991 2943 2210 2990 onere
2254 2920 2614 3014 regiminis
2641 2921 2955 2991 ecclesiae
2977 2977 2995 3012 ,

868 3038 982 3107 cui
1046 3036 1340 3106 minime
1388 3036 1803 3105 incumbere
1858 3034 2293 3124 sinebamur,
2363 3035 2670 3126 absolvi,
2746 3036 3002 3106 urbem

870 3156 1169 3223 Ron‘am
1223 3152 1688 3248 personaliter
1741 3151 2196 3239 accessimus,
2261 3166 2586 3222 currente
2636 3176 2832 3223 anno
2877 3152 3003 3224 do-

872 3268 1146 3338 minicae
1182 3267 1691 3338 incarnationis
1715 3291 2186 3338 noceantur.
2224 3269 2390 3355 Qui,
2434 3269 2593 3338 licet
2623 3268 2881 3338 auditis
2914 3294 2998 3339 ex

870 3396 1069 3477 parte
1122 3382 1235 3450 his
1306 3406 1459 3476 qua·
1517 3406 1730 3478 snpra
1792 3382 2253 3473 retexuimus,
2312 3382 2543 3452 vicem
2597 3382 2786 3452 hanc
2843 3408 3003 3453 nos-

874 3510 1055 3565 tram
1095 3512 1163 3566 et
1198 3498 1503 3567 ecclesiae
1533 3511 1789 3566 nostrae
1833 3497 2221 3593 plurimum
2249 3498 2554 3589 doleret,
2589 3498 2908 3568 similiter
2933 3514 3001 3567 et

874 3612 1442 3682 reverendissimi
1498 3612 1774 3684 domini
1832 3611 2264 3705 cardinaleS,
2329 3614 2754 3709 offerretque
2809 3613 3002 3683 idem

873 3724 1318 3797 beatissinms
1350 3728 1664 3825 pontifex
1695 3783 1712 3818 ,
1750 3729 1805 3797 si
1836 3731 2107 3800 curiam
2137 3755 2334 3801 suam
2382 3733 2581 3826 sequi
2620 3731 2995 3821 vellemus,

877 3840 1087 3911 nobis
1131 3844 1614 3939 provisionem
1650 3843 2026 3915 honestam
2073 3848 2425 3941 assignare
2451 3903 2468 3938 ,
2516 3860 2756 3916 tamen
2793 3844 3004 3914 nobis

877 3958 949 4026 in
986 3960 1502 4055 supplicatione
1544 3973 1786 4029 nostra
1831 3962 2480 4055 perseverantibuS,
2520 3961 2756 4033 eidem
2800 3961 3003 4031 beni-

877 4097 1013 4164 gne
1041 4073 1292 4143 annuit
1316 4087 1386 4142 et
1420 4074 1829 4144 clementer.
1867 4079 2191 4173 Cumque
2224 4076 2738 4175 patriarchatus
2771 4077 3005 4148 hono-

878 4210 1027 4256 rem
1060 4211 1142 4259 ac
1177 4188 1457 4259 titulum
1488 4189 1698 4261 nobis
1728 4190 1896 4261 dare
1933 4193 2163 4282 vellet,
2190 4194 2612 4291 offerretque
2643 4193 2737 4263 ad
2766 4217 3002 4287 regem
