3400 5417
1093 486 1312 542 LIBER
1371 486 1671 544 PRIMUS.
2334 490 2449 548 243

323 617 452 710 sis,
506 617 948 708 LudovicuS,
990 642 1112 688 rex
1145 617 1569 709 modernuS,
1625 619 1749 714 qui
1782 643 1824 690 a
1874 619 2215 691 comitatu
2260 621 2455 692 elon·

322 751 526 832 gatus
587 735 839 834 patriS,
897 735 973 804 in
1023 749 1171 806 tota
1233 735 1351 808 illa
1403 735 1589 808 felici
1642 734 2094 833 expeditione
2160 760 2304 831 qua
2362 737 2455 810 ab

323 853 715 947 Anglorum
745 851 1122 924 dominatu
1173 868 1502 952 exempta
1534 855 1795 926 exstitit
1820 855 2283 945 Normannia,
2320 856 2454 926 mi-

325 969 517 1038 nime
584 966 826 1040 adesse
888 969 1184 1040 curavit.
1258 973 1324 1040 Is
1391 994 1560 1064 ergo
1627 993 1794 1056 cum
1857 967 1933 1037 in
1993 968 2185 1040 dicto
2245 993 2461 1064 agens

321 1080 717 1172 Delfinatu,
769 1083 1350 1179 procurationem
1395 1108 1612 1178 quam
1661 1081 1989 1179 gerebat,
2025 1081 2367 1176 libenter,
2403 1085 2461 1156 si

321 1197 462 1270 sibi
503 1197 816 1269 affuisset
862 1198 1196 1288 facultas,
1249 1199 1531 1294 longius
1570 1199 1919 1296 latiusque
1967 1213 2457 1298 propagasset,

321 1315 746 1410 excogitavit
793 1314 1164 1412 quomodo
1220 1315 1498 1412 aliquos
1541 1315 1678 1386 sibi
1725 1316 2141 1387 conciliaret
2183 1318 2461 1388 animos

320 1433 398 1502 in
437 1433 915 1522 Normannia,
949 1432 1313 1529 potissime
1346 1457 1659 1527 quorum
1701 1457 1923 1529 opera
1958 1448 2172 1528 atque
2202 1434 2464 1505 auxilio

318 1547 417 1620 ad
485 1548 800 1642 regimen
866 1563 936 1618 et
1007 1547 1699 1621 administrationem
1770 1549 2159 1646 provinciae.
2230 1563 2469 1646 posset

319 1666 734 1761 pervenire3
793 1664 1202 1736 existimans
1247 1665 1442 1762 apud
1495 1691 1606 1755 se,
1645 1665 1703 1735 si
1758 1665 2149 1736 nonnullos
2204 1667 2292 1735 de
2327 1666 2468 1762 pri-

319 1779 671 1852 mioribus
723 1781 964 1878 patriae
1011 1780 1147 1851 sibi
1199 1782 1577 1853 conciliare
1615 1795 1854 1880 posset
1884 1837 1903 1870 ,
1956 1780 2160 1853 facile
2210 1808 2462 1854 eorum

317 1896 726 1967 interventu
785 1894 1251 1966 obtenturum
1304 1897 1377 1966 in
1429 1912 1790 1967 conventu
1858 1898 2228 1968 communi
2303 1901 2463 1970 Sta·-

317 2025 523 2082 tuum
565 2012 805 2108 patriae
829 2067 846 2098 ,
885 2011 1084 2108 quod
1128 2012 1347 2082 semel
1397 2013 1783 2108 quotannis
1837 2012 2183 2084 celebrari
2238 2015 2456 2109 solet,

323 2142 400 2198 ut
431 2126 687 2222 legatio
741 2152 874 2224 pro
929 2151 1018 2198 eo
1068 2127 1162 2199 ad
1206 2152 1486 2221 regem,
1532 2142 1809 2225 patrem
1861 2152 2112 2218 suum,
2170 2131 2462 2200 nomine

319 2243 538 2313 totius
586 2242 970 2339 provinciae
1022 2241 1518 2330 destinaretur,
1558 2244 2155 2339 supplicationem
2194 2244 2463 2317 factura

319 2360 466 2454 regi
519 2375 892 2454 quatenuS,
952 2384 1084 2458 pro
1140 2359 1438 2428 tuitione
1494 2373 1562 2428 et
1614 2359 2030 2430 defensione
2078 2362 2460 2458 provincia:

317 2491 570 2547 contra
606 2476 914 2573 impetus
965 2474 1388 2569 Anglorum,
1449 2477 1571 2570 qui
1608 2476 1674 2546 ei
1710 2477 2011 2570 graviter
2056 2491 2225 2548 tunc
2261 2503 2458 2550 com-

320 2592 805 2681 minabantur,
847 2593 1076 2688 ipsum
1111 2590 1491 2683 delfinum,
1531 2591 1681 2688 ejus
1716 2593 2299 2690 primogenitum,
2339 2621 2461 2690 gu-

317 2709 772 2781 bernatorem
837 2708 1228 2778 concedere
1283 2708 1490 2778 vellet
1535 2736 1549 2777 :
1603 2734 1689 2776 co
1742 2709 1937 2779 enim
1974 2708 2289 2780 futurum
2342 2727 2452 2804 ut,

317 2839 518 2897 metu
568 2826 716 2920 ejus
765 2824 1005 2896 hostes
1061 2823 1409 2914 deterriti,
1491 2847 1636 2893 non
1701 2822 1904 2894 facile
1966 2826 2448 2922 provinciam,

317 2942 666 3037 quamdiu
692 2942 762 3012 in
800 2942 952 3039 ipsa
980 2940 1255 3031 afforet,
1279 2937 1666 3009 invadendi
1698 2965 1953 3010 ausum
1987 2958 2447 3014 assumerent.

423 3063 576 3129 Hoc
608 3059 847 3154 itaque
880 3057 1246 3154 proposito
1289 3071 1360 3125 et
1411 3055 1502 3125 ad
1555 3081 1723 3126 eum
1768 3057 1987 3127 finem
2042 3058 2229 3128 misit
2278 3084 2457 3129 nun-

317 3175 457 3245 tios
501 3174 590 3247 de
640 3175 862 3246 domo
899 3198 1026 3245 sua
1082 3175 1154 3243 in
1211 3174 1723 3244 Normanniarn
1785 3199 1952 3243 cum
1998 3176 2310 3270 epistolis
2361 3178 2452 3249 ad

319 3292 584 3360 multos
621 3291 710 3361 de
747 3289 1146 3387 potioribus
1192 3288 1608 3384 provinciae,
1649 3313 1816 3357 cum
1854 3290 2061 3358 certis
2096 3291 2309 3360 etiam
2342 3292 2451 3362 in—

317 3405 864 3496 structionibus,
903 3404 1201 3474 modum
1233 3400 1791 3498 exprimentibus
1844 3427 1989 3497 quo
2032 3428 2106 3474 se
2160 3406 2307 3474 voti
2343 3409 2449 3478 sui

316 3549 573 3595 eorum
646 3523 979 3618 suffragio
1036 3536 1446 3618 compotem
1503 3546 1709 3616 posse
1759 3519 1908 3590 fieri
1974 3521 2442 3595 existimabat.

317 3644 511 3712 lnter
540 3656 830 3711 caeteros
858 3665 1026 3710 vero
1057 3640 1246 3708 misit
1281 3637 1372 3708 ad
1405 3662 1536 3707 nos
1574 3635 1963 3731 quemdam
1998 3638 2313 3710 nobilem
2352 3642 2452 3710 vi·

317 3783 508 3846 rum,
571 3758 951 3828 dominum
1011 3754 1103 3826 de
1158 3753 1485 3824 Condeto
1521 3755 1611 3834 jn
1673 3754 1962 3824 dioecesi
2016 3755 2445 3850 Baiocensi¹,

401 4047 456 4100 1.
507 4047 665 4101 Cette
695 4041 1000 4101 indication
1038 4063 1112 4100 no
1140 4043 1290 4100 suffit
1323 4063 1424 4120 pas
1455 4063 1603 4120 pour
1631 4043 1978 4100 determincr
2006 4044 2059 4100 le
2096 4065 2451 4122 porscmuagm

313 4137 454 4192 dont
505 4138 539 4194 il
592 4137 776 4216 s‘agit.
809 4138 855 4195 lt
885 4159 920 4213 y
947 4137 1098 4194 avait
1125 4138 1278 4195 deux
1311 4137 1506 4195 Condi}
1541 4137 1681 4194 daus
1722 4137 1772 4194 lc
1815 4138 2041 4195 diocese
2077 4138 2147 4194 dc
2186 4142 2449 4212 Baymx,

310 4231 929 4289 Comic-sur-Noircau
959 4245 1010 4290 et
1040 4231 1587 4290 Conde-s'ur—Seule.
