3400 5417
1030 534 1253 590 LIBER
1314 532 1721 591 SECUNDUS.
2337 533 2450 587 355

301 666 429 738 sed
458 667 718 738 veritas
746 679 1002 737 contra
1037 668 1112 736 in
1147 670 1339 737 Luca
1367 664 1602 761 inquit
1639 689 1658 733 z
1705 690 1742 731 «
1783 662 2000 751 Quod
2035 661 2455 737 hominibus

300 782 531 854 altum
560 797 700 875 est,
742 781 1188 856 abominatio
1224 796 1331 855 est
1365 796 1531 855 ante
1565 784 1839 873 Deum3
1885 809 1922 849 n
1969 795 2042 853 et
2076 781 2450 879 sapientis-

302 897 527 969 simus
570 900 842 971 Seneca
861 955 881 991 ,
920 926 957 967 ι(
993 900 1253 994 Magna
1284 926 1322 965 ι)
1356 896 1592 993 inquit
1631 926 1667 961 α
1707 888 2008 967 servitus
2044 910 2152 966 est
2193 919 2454 993 magna

304 1011 617 1086 fortuna.
658 1043 695 1083 n
730 1018 905 1102 Quae
944 1014 1243 1113 quidem
1283 1012 1585 1085 servitus
1630 1035 1785 1081 non
1825 1009 2249 1102 abnuenda,
2285 1034 2454 1081 cum

302 1132 437 1201 rite
471 1132 893 1231 imponitur,
930 1156 1068 1203 nec
1102 1129 1503 1229 abjicienda
1533 1144 1639 1201 est
1662 1130 1775 1200 vel
1813 1127 2176 1226 fugienda,
2201 1126 2328 1199 ubi
2360 1128 2457 1200 ad

302 1249 801 1344 proximorum
846 1248 1223 1319 utilitatem
1272 1260 1566 1345 propter
1600 1250 1838 1316 Deum
1871 1244 2172 1343 perferri
2222 1259 2294 1316 et
2334 1268 2453 1317 ex·

302 1363 527 1460 pendi
558 1378 826 1462 potest,
869 1362 994 1433 sed
1038 1377 1227 1433 certe
1263 1362 1571 1434 libenter
1598 1360 1975 1433 subeunda
2002 1374 2072 1432 et
2100 1374 2457 1456 gratanter

302 1492 523 1576 atque
551 1478 973 1551 obedienter
1001 1480 1417 1552 sustinenda
1448 1503 1539 1550 ex
1571 1476 1820 1549 debito
1859 1478 2191 1550 caritatis,

406 1596 549 1665 Sed
579 1610 731 1667 esto
764 1596 964 1692 quod
989 1595 1120 1667 rite
1150 1597 1309 1692 quis
1341 1595 1435 1667 ad
1472 1596 1762 1667 culmen
1796 1595 2311 1690 cujuscumque
2337 1592 2462 1663 di-

306 1711 593 1805 gnitatis
624 1738 754 1784 seu
787 1712 1423 1784 administrationis
1447 1711 1865 1810 temporalis
1891 1710 2358 1810 provehatur,
2391 1724 2462 1781 et

303 1851 470 1900 eam
497 1844 822 1900 exerceat
852 1843 1065 1925 atque
1100 1827 1547 1899 administret
1572 1842 1654 1897 ut
1684 1828 1917 1916 decet,
1948 1826 2152 1921 quid,
2191 1850 2456 1923 quaes0,

306 1943 385 2013 in
427 1944 865 2016 culminibus
905 1958 974 2015 et
1015 1943 1305 2038 fastigiis
1347 1942 1764 2038 hujusmodi
1799 1941 2304 2039 temporalium
2332 1940 2462 2012 ad-

308 2062 918 2132 ministrationum
955 2073 1169 2156 atque
1200 2059 1568 2129 honorum
1596 2074 1667 2130 et
1701 2058 2128 2154 dignitatum
2161 2056 2470 2148 exsistit,-

308 2192 566 2274 praeter
582 2178 714 2247 Dei
735 2191 806 2248 et
833 2177 1141 2274 proximi
1166 2190 1461 2274 propter
1485 2176 1617 2247 Dei
1646 2171 2117 2247 famulatum?
2148 2178 2234 2244 Et
2258 2172 2460 2270 quod

308 2295 619 2391 proinde
656 2320 807 2364 non
840 2295 913 2363 in
946 2292 1085 2364 hac
1120 2293 1528 2364 transitoria
1563 2292 1746 2385 vita,
1787 2291 1912 2362 sed
1944 2292 2020 2361 in
2071 2290 2306 2361 futura
2341 2288 2466 2361 ha-

310 2408 639 2480 bendum
694 2408 1068 2507 praemium
1126 2421 1597 2505 exspectatur,
1657 2405 1834 2501 quid
1897 2405 2236 2502 sapientis
2297 2405 2462 2475 ani-

312 2549 517 2595 mum
555 2548 991 2621 magnopere
1035 2522 1463 2614 demulceat,
1495 2521 1608 2591 vel
1639 2520 1994 2592 ullatenus
2030 2520 2307 2591 felicem
2342 2536 2465 2592 aut

312 2639 609 2712 beatum
651 2639 950 2729 efficiat,
985 2638 1309 2737 profecto
1345 2661 1498 2707 non
1535 2635 1738 2707 facile
1769 2636 2074 2733 perspici
2113 2650 2236 2707 aut
2272 2637 2463 2707 inve-

314 2758 455 2827 niri
495 2772 752 2855 potest.
796 2757 1064 2855 Saepius
1090 2757 1285 2826 enim
1310 2753 1604 2826 eosdem
1630 2752 1949 2825 honores
1975 2777 2058 2825 ac
2088 2753 2464 2848 dignitates

315 2873 582 2969 iniquis
617 2888 687 2943 et
726 2870 1225 2968 insipientibus
1262 2895 1482 2967 quam
1516 2868 1731 2941 bonis
1777 2884 1989 2965 atque
2027 2869 2464 2967 sapientibus

317 2990 699 3087 provenire
750 3002 817 3058 et
877 2986 967 3058 ad
1016 3012 1142 3058 eos
1176 2987 1431 3056 deferri
1470 2986 1825 3057 videmus.
1881 2986 2100 3072 Quod
2141 2987 2266 3057 etsi
2312 3012 2470 3086 per·

316 3106 609 3176 versitas
642 3104 903 3191 saeculi,
944 3117 1024 3172 ut
1055 3102 1414 3197 eleganter
1445 3099 1698 3172 beatus
1733 3102 1965 3198 inquit
1999 3104 2459 3197 Augustinus,

316 3221 367 3290 l.
410 3225 499 3308 V,
545 3224 650 3291 De
686 3221 965 3291 civitate
1012 3218 1178 3303 Dei,
1232 3243 1295 3287 c.
1352 3242 1532 3305 xvu,
1586 3216 1991 3288 admitteret
2033 3232 2112 3287 ut
2155 3216 2468 3291 honora-

318 3338 539 3409 tiores
571 3351 803 3409 essent
836 3336 1103 3432 quique
1140 3334 1493 3425 melioreS,
1538 3359 1672 3406 nec
1716 3334 1815 3404 sic
1862 3359 1996 3431 pro
2031 3358 2296 3431 magno
2329 3336 2456 3407 ha-

319 3454 478 3524 beri
533 3453 781 3524 debuit
821 3453 1064 3522 honor
1111 3451 1506 3541 humanuS,
1556 3452 1726 3546 quia
1782 3475 1946 3521 vera
2000 3452 2464 3524 {estimatione

320 3573 586 3643 nullius
622 3587 724 3643 est
757 3570 1098 3670 ponderis
1136 3569 1400 3639 fumus.
1439 3569 1632 3655 Quin
1671 3569 1819 3638 imo
1856 3567 2122 3641 eisdem
2168 3569 2464 3640 honori-

320 3687 485 3777 buS,
518 3690 733 3760 etiam
768 3712 937 3758 curn
975 3699 1163 3756 recte
1198 3699 1269 3755 et
1304 3710 1387 3755 ex
1423 3683 1625 3755 bono
1667 3699 1739 3755 et
1769 3710 1975 3781 aequo
2010 3684 2465 3783 possidentur

323 3821 537 3903 atque
590 3806 1199 3889 administrantur,
1262 3817 1370 3872 tot
1420 3828 1607 3873 curae
1654 3816 1869 3898 atque
1923 3803 2300 3891 molestiae,
2363 3819 2465 3873 tot

326 3939 557 3994 metus
595 3937 664 3993 et
691 3922 1031 4020 pericula,
1079 3935 1185 3990 tot
1212 3918 1495 3990 labores
1526 3933 1594 3989 et
1626 3919 2135 3990 sollicitudines
2163 3944 2469 3989 connec-

326 4055 576 4111 tuntur
611 4054 683 4109 et
723 4039 1115 4128 cohaerent,
1170 4051 1247 4106 ut
1280 4063 1361 4108 ex
1398 4061 1481 4106 ea
1524 4051 1725 4134 parte
1770 4062 1918 4105 non
1961 4036 2183 4107 modo
2225 4062 2470 4132 quem-

326 4179 545 4253 quam
582 4155 857 4225 felicem
896 4168 1019 4225 aut
1058 4152 1377 4227 beatum.
1418 4151 1541 4222 sed
1586 4153 1824 4251 potius
1867 4152 2218 4222 infelicem
2255 4167 2466 4248 atque

328 4274 667 4343 miserum
712 4270 993 4341 efficere
1035 4283 1103 4341 et
1152 4269 1446 4340 reddere
1490 4268 1744 4366 procul
1794 4266 2019 4338 dubio
2055 4266 2454 4339 videantur.

3391 1056 3395 1067 Α
3389 950 3395 981 ,-
3387 702 3396 877 -μ-ῌψ,
3387 530 3396 691 -fflss—
3389 352 3396 503 ----...—-
