3400 5417
868 520 942 577 30
1409 515 1921 573 HISTORIARUM
1963 514 2318 573 LUDOVICI
2361 516 2445 572 XI

864 648 1079 720 etiam
1103 648 1368 721 civium
1389 648 1905 745 proscripsisse,
1937 662 2009 717 et
2037 647 2428 718 nonnullos
2458 646 2688 744 capite
2706 644 2945 744 puniri
2965 704 2983 740 ,

862 790 1064 837 secus
1086 789 1169 836 ac
1193 778 1398 862 pacta
1430 762 1810 834 deditionis
1838 762 2219 853 habereut,
2250 787 2293 834 a
2324 763 2563 834 multis
2599 762 2981 836 ferebatur.

866 883 1006 954 Sed
1035 908 1126 956 an
1155 883 1252 954 ita
1283 880 1492 952 fuerit
1527 882 1760 970 velne,
1792 896 2241 979 compertum
2272 882 2464 970 satiS,
2500 895 2581 953 ut
2608 881 2778 953 inde
2812 906 2994 954 asse-

867 1024 1020 1074 rere
1057 998 1452 1097 quidquam
1493 999 1818 1088 velimus,
1859 999 2192 1070 nondum
2239 997 2507 1069 habere
2560 997 2987 1095 potuimus¹.

965 1115 1429 1182 Cameracum
1452 1136 1648 1201 vere,
1673 1135 1829 1206 quae
1854 1112 2099 1181 civitas
2132 1125 2235 1181 est
2254 1110 2663 1208 imperialiS‚
2689 1109 2782 1181 ad
2817 1111 2999 1204 regis

867 1242 1121 1298 nutum
1159 1253 1233 1299 se
1259 1228 1865 1325 hospitalem-regi
1910 1242 2124 1323 atque
2157 1226 2299 1296 suis
2326 1224 2661 1323 praebuit,
2695 1225 2890 1297 nulla
2922 1228 2997 1296 in

865 1345 1240 1417 adversum
1271 1346 1661 1417 resistentia
1692 1345 1807 1415 vel
1842 1345 2181 1416 dilatione
2224 1343 2435 1431 data;
2479 1344 2604 1415 sed
2630 1344 2992 1415 nihilomi-

867 1487 998 1532 nus
1024 1487 1245 1557 arege
1280 1486 1540 1556 magno
1576 1462 1728 1532 auri
1757 1462 2005 1558 pondo
2041 1476 2110 1531 et
2139 1462 2289 1559 ipsa
2317 1461 2656 1532 mulctata
2694 1462 2992 1554 exstitit,

865 1576 956 1647 ad
1016 1602 1369 1649 summam
1423 1603 1507 1648 η
1556 1578 1777 1648 millia
1817 1592 2179 1648 scutorum
2232 1578 2412 1647 auri.
2471 1581 2557 1647 Et
2606 1577 2997 1674 imperialia

867 1715 1092 1785 arma,
1114 1718 1270 1788 quae
1289 1692 1380 1764 ab
1404 1693 1698 1787 antiquo
1727 1693 1799 1761 in
1826 1693 2047 1789 portis
2078 1692 2377 1763 civitatis
2406 1708 2631 1784 erant,
2658 1692 2997 1765 mandato

869 1809 1062 1903 regio
1096 1809 1444 1899 detracta,
1484 1834 1751 1905 suaque
1786 1808 1963 1879 inibi
1987 1809 2337 1880 collocata
2360 1809 2668 1879 suerunt.
2708 1809 2996 1879 Dictum

874 1939 1113 1996 tamen
1182 1924 1644 2022 postmodum
1699 1924 2103 1995 audivimus
2161 1923 2389 2020 (quod
2435 1950 2570 2022 pro
2603 1940 2802 1995 certo
2849 1949 2993 1994 non

865 2041 1281 2137 habemus²)
1312 2042 1508 2136 quod
1547 2066 1693 2131 rex,
1730 2066 1896 2111 cum
1931 2040 2253 2138 praesidia
2277 2042 2616 2132 militum,
2642 2066 2825 2135 quos
2857 2040 2999 2109 illic

865 2153 1240 2244 habuerat,
1261 2153 1353 2224 ad
1373 2178 1445 2223 se
1467 2155 1919 2243 revocasset³‚
1951 2154 2101 2249 ipsa
2139 2153 2528 2249 imperialia
2553 2176 2776 2243 arma,
2798 2154 2997 2248 juxta

868 2268 1241 2360 antiquum
1267 2290 1546 2335 morem
1566 2289 1648 2336 ac
1669 2278 2061 2356 vetustum,
2088 2264 2339 2360 reponi
2386 2279 2596 2358 atque
2624 2264 2997 2335 instaurari

861 2376 1207 2471 jussisset3
1267 2378 1725 2471 quanquam*
1765 2376 1978 2445 etiam
2043 2374 2429 2471 quemdam
2476 2376 2928 2472 capitaneum
2944 2379 2991 2462 ⁸,

868 2513 1080 2584 quem
1123 2489 1214 2558 ad
1248 2489 1464 2586 ipsius
1522 2488 1819 2558 civitatis
1875 2488 2274 2559 custodiam
2342 2488 2747 2585 deputarat,
2801 2488 2997 2558 dam-

870 2616 1098 2671 nasset
1135 2601 1491 2669 restituere
1531 2626 1676 2669 xxx
1714 2600 1932 2670 millia
1964 2615 2326 2670 scutorum
2360 2602 2547 2691 auri,
2596 2624 2752 2695 quae
2784 2602 2997 2671 variis

871 2718 1132 2812 rapinis
1155 2731 1225 2785 et
1244 2706 1833 2785 concussionibus
1858 2714 1946 2785 de
1974 2716 2183 2786 bonis
2208 2718 2515 2787 ecclesia:
2538 2721 2998 2788 Cameracen-

871 2832 962 2899 sis
995 2844 1403 2900 extorserat.
1437 2835 1646 2902 Fama
1678 2831 1872 2899 enim
1907 2832 2209 2901 multum
2237 2833 2631 2903 invaluerat
2655 2831 2853 2928 quod
2876 2857 2995 2902 rex

958 3036 1010 3089 1.
1058 3035 1138 3086 Le
1165 3031 1403 3088 Journal
1432 3031 1504 3087 de
1523 3032 1741 3089 Gerard
1770 3030 1988 3088 Robert
2016 3053 2089 3089 ne
2124 3034 2454 3091 montionne
2476 3055 2577 3111 pas
2602 3035 2822 3092 d⁷autre
2850 3033 2993 3091 ban—

873 3125 1182 3181 nissement
1225 3144 1338 3201 que
1371 3124 1516 3182 celui
1557 3124 1657 3181 des
1700 3126 1945 3181 efficiers
1979 3126 2048 3182 de
2091 3126 2351 3203 l’abbaye
2385 3128 2456 3184 de
2490 3130 2863 3198 Saint-VaaSt‚
2898 3128 2997 3204 qui

872 3239 932 3274 ax
947 3219 1094 3274 aient
1120 3220 1302 3276 rel'use
1328 3218 1398 3275 de
1419 3238 1594 3295 payer
1616 3220 1741 3276 leur
1760 3233 1886 3275 cote
1910 3219 1978 3275 dc·
2002 3221 2055 3276 la
2075 3220 2459 3278 contribution
2481 3222 2579 3278 (les
2607 3226 2681 3279 40
2699 3226 2813 3279 000
2836 3224 2988 3279 ecus.

873 3314 938 3370 P.
969 3314 1068 3371 21.

954 3410 1011 3465 2.
1059 3406 1292 3463 Molinet
1322 3425 1394 3461 ne
1428 3404 1524 3461 fait
1559 3425 1747 3462 aucun
1782 3407 1954 3463 doute
1988 3407 2299 3464 lii-dossas.
2342 3410 2384 3465 11
2415 3423 2684 3485 rapporte
2712 3410 2896 3465 meme
2926 3430 2995 3465 en

874 3500 1034 3574 quels
1083 3513 1287 3555 termes
1329 3500 1499 3554 Louis
1536 3503 1620 3555 XI
1654 3499 1843 3556 donna
1876 3520 1989 3556 aux
2019 3500 2412 3558 Cambrcsiens
2453 3503 2662 3558 l'ordre
2694 3502 2829 3559 dont
2858 3504 2896 3558 il
2926 3524 2997 3558 xa

874 3594 991 3647 &tre
1022 3593 1176 3669 parle
1211 3614 1224 3647 ι
1265 3616 1291 3641 α
1323 3597 1410 3646 Au
1442 3591 1644 3667 regard
1687 3592 1757 3647 (le
1792 3612 1900 3647 noz
1938 3612 2154 3661 armes,
2189 3616 2329 3649 vous
2373 3596 2451 3650 les
2492 3608 2709 3652 osterez
2748 3597 2998 3672 quelque

876 3686 1011 3752 soir,
1059 3699 1114 3740 et
1153 3706 1186 3759 y
1233 3686 1453 3759 lugeri-z
1486 3698 1678 3739 vostre
1707 3684 1923 3752 (fiscau,
1958 3700 2012 3743 et
2052 3688 2203 3743 ‹lirez
2232 3688 2368 3763 qu'il
2400 3708 2523 3744 sera
2564 3689 2671 3744 alle
2708 3688 2872 3759 jouer
2918 3710 2995 3745 un

875 3797 1076 3853 espace
1106 3777 1177 3832 (le
1208 3793 1422 3852 10111115,
1457 3791 1508 3833 et
1545 3799 1668 3833 sera
1699 3783 1970 3835 remum(-
2009 3802 2077 3836 οι]
2121 3802 2220 3837 son
2260 3782 2391 3847 lieu,
2430 3783 2573 3838 ainsi
2610 3802 2723 3857 que
2755 3784 2876 3839 sont
2918 3784 2998 3839 les

874 3870 1216 3935 arundellcs,
1250 3871 1344 3946 qui
1379 3892 1465 3925 rex
1483 3871 1715 3927 imment
1750 3893 1846 3927 sur
1874 3874 1923 3928 le
1962 3874 2297 3952 priilu’111p5.
2332 3901 2356 3924 n
2389 3880 2453 3930 T.
2488 3880 2575 3943 11,
2610 3877 2703 3933 ch.
2736 3897 2897 3932 tvm.

957 3973 1012 4026 3.
1063 3966 1102 4022 ll
1154 3968 1230 4022 les
1280 3988 1536 4023 tininena
1583 3968 1898 4037 lui-mcum,
1938 3971 2088 4025 etant·
2125 3971 2233 4026 alls·
2271 3974 2301 4025 a
2342 3970 2627 4035 Caulibrai,
2676 3973 2725 4028 le
2768 3976 2839 4027 10
2872 3973 2997 4045 juin

881 4065 1053 4120 1478.

957 4160 1011 4212 li.
1063 4155 1246 4210 Plutot
1277 4158 1552 4230 qnodque.

959 4252 1011 4304 5.
1063 4250 1230 4305 Lnuis
1264 4252 1542 4313 Mai-auin,
1577 4252 1839 4325 seigneur
1868 4253 1937 4307 (le
1972 4255 2019 4309 la
2050 4255 2292 4311 Charite.
