3400 5417
920 503 1035 562 360
1759 506 2138 563 APOLOGIA
2155 548 2172 576 ‚

916 660 1105 728 rem,
1146 634 1272 708 sed
1322 636 1464 709 hoc
1497 638 1573 708 in
1616 639 1718 709 eis
1761 636 2133 710 dumtaxat
2174 653 2371 711 amat
2423 639 2621 737 quod
2669 638 2930 739 [juvat]
2965 639 3062 713 ad

915 750 1413 850 proximorum
1464 752 1846 826 utilitatem
1900 766 1970 824 et
2025 752 2495 825 directionem
2519 807 2539 844 ‚
2589 756 2745 826 Deo
2761 810 2782 847 ,
2839 778 3060 851 quem

916 869 1150 943 solum
1182 883 1375 941 amat
1395 925 1414 961 ,
1447 895 1659 941 suum
1682 868 1974 941 exhibet
1999 870 2478 942 ministerium
2504 885 2575 943 et
2605 868 3057 943 famulatum.

919 984 1245 1057 Profecto
1274 985 1489 1057 necsi
1506 986 1851 1058 violentia
1879 986 2464 1084 persequentium
2490 1011 2564 1058 se
2590 985 2683 1059 ab
2711 987 2818 1058 eis
2845 987 3068 1086 pella-

918 1116 1032 1172 tur
1060 1116 1275 1197 atque
1307 1099 1705 1197 dejiciatur,
1748 1103 1857 1173 vel
1898 1104 2112 1174 etiam
2140 1101 2415 1174 eisdem
2450 1117 2706 1202 sponte
2731 1128 2824 1174 ex
2851 1127 3068 1175 causa

915 1214 1325 1289 rationabili
1383 1218 1629 1311 cedat,
1682 1244 1769 1289 ex
1820 1219 2207 1291 transitorii
2265 1218 2568 1291 honoris
2628 1217 2956 1291 absentia
3001 1236 3069 1290 et

913 1335 1253 1423 carentia,
1276 1359 1493 1430 quem
1519 1335 2258 1426 minimeadamabat,
2280 1360 2416 1407 uec
2445 1336 2814 1433 frangetur
2833 1362 3070 1435 neque

915 1450 1351 1521 cruciabitur
1384 1475 1735 1546 unquam.
1790 1456 1893 1522 Ex
1939 1451 2084 1524 hoc
2125 1478 2277 1524 uno
2319 1452 2613 1549 quidem
2660 1452 2910 1526 dolere
2957 1456 3069 1551 pie

915 1580 984 1635 et
1030 1580 1271 1636 sancte
1320 1567 1581 1662 poterit
1625 1567 1826 1662 quod
1873 1567 2010 1639 sibi
2055 1569 2418 1640 auferatur
2468 1583 2680 1664 atque
2725 1568 3070 1666 eripiatur

920 1682 1238 1775 facultas,
1274 1706 1419 1779 qua
1452 1682 1780 1781 pluribus
1809 1709 1895 1755 ex
1931 1686 2222 1757 caritate
2256 1699 2328 1756 et
2359 1709 2608 1756 amore
2634 1684 2768 1756 Dei
2803 1686 3072 1756 utiliter

917 1797 1256 1896 prodesse
1301 1799 1673 1897 cupiebat,
1728 1815 1800 1870 et
1844 1798 2042 1897 quod
2095 1800 2170 1870 in
2219 1824 2304 1871 ea
2356 1825 2434 1872 re
2480 1801 2960 1872 ministerium
3007 1816 3076 1872 et

920 1914 1345 1986 famulatum
1381 1916 1551 2003 Dei,
1603 1939 1822 2011 quem
1856 1917 2092 1987 solum
2135 1931 2361 2010 amat,
2407 1917 2713 2014 amplius
2742 1943 3074 1990 exercere

923 2046 993 2102 et
1024 2030 1366 2129 perficere
1399 2057 1547 2102 non
1581 2032 1885 2125 habeat3
1925 2058 2177 2106 verum
2211 2059 2379 2106 cum
2412 2048 2483 2105 et
2511 2034 2682 2129 hoc,
2719 2035 2927 2131 quod
2959 2036 3077 2107 tali

925 2149 1319 2219 ministerio
1347 2165 1585 2221 careat
1608 2165 1823 2247 atque
1849 2176 1938 2222 eo
1965 2149 2342 2242 abstineat,
2369 2151 2542 2221 sciat
2562 2176 2713 2221 non
2733 2152 2891 2223 sine
2917 2154 3074 2244 Dei,

927 2290 1143 2361 quem
1178 2266 1414 2337 solum
1461 2266 1728 2361 diligit,
1779 2268 2152 2339 voluntate
2181 2267 2599 2363 judicioque
2628 2269 3074 2364 contingere,

928 2383 1079 2479 ejus
1117 2382 1381 2454 auxilio
1418 2399 1487 2453 et
1518 2384 1745 2477 gratia
1769 2382 2082 2479 adjutuS,
2112 2407 2315 2454 suam
2341 2382 2788 2454 voluntatem
2821 2384 3080 2455 divinae

930 2500 1214 2597 penitus
1241 2499 1736 2591 conformans,
1768 2523 1917 2569 non
1948 2497 2183 2570 solum
2211 2498 2486 2570 fortiter
2519 2514 2592 2601 et
2619 2500 2978 2598 patienter
3011 2526 3080 2571 se

929 2615 1151 2687 habet
1177 2617 1251 2687 in
1287 2615 1864 2713 quibuscumque
1893 2614 2441 2687 adversitatibus
2469 2630 2541 2685 et
2573 2617 3083 2713 persecutioni-

929 2729 1091 2821 buS‚
1127 2731 1279 2822 sed,
1306 2731 1504 2827 juxta
1528 2731 2001 2828 apostolicam
2033 2730 2464 2822 doctrinam,
2495 2731 2710 2803 etiam
2749 2761 2785 2797 <t
2821 2730 3085 2827 gloria-

934 2858 1048 2916 tur
1080 2845 1154 2914 in
1186 2844 1791 2937 tribulationibuS,
1820 2846 2053 2917 sciens
2079 2847 2249 2942 quia
2271 2844 2636 2916 tribulatio
2664 2846 3083 2943 patientiam

936 2977 1298 3058 operatur,
1339 2963 1674 3058 patientia
1705 2960 2240 3058 probationem,
2280 2960 2612 3059 probatio
2647 2986 2878 3058 spem.
2913 2964 3084 3061 Spes

938 3102 1107 3149 vero
1162 3103 1311 3147 non
1360 3078 1765 3170 confundit,
1827 3080 1997 3173 quia
2051 3079 2304 3149 caritas
2357 3078 2491 3148 Dei
2539 3075 2800 3148 diffusa
2855 3093 2962 3148 est
3015 3079 3082 3147 in

942 3193 1281 3265 cordibus
1318 3196 1580 3265 nostris
1613 3220 1743 3292 per
1777 3194 2120 3292 Spiritum
2173 3207 2528 3279 sanctum,
2581 3194 2707 3289 qui
2741 3192 2958 3263 datus
2989 3207 3085 3264 est

944 3310 1153 3381 nobis
1178 3342 1210 3377 n
1246 3312 1458 3383 arrha
1487 3311 1809 3409 profecto
1845 3311 2231 3381 certissima
2263 3324 2332 3379 et
2363 3311 2622 3407 pignus
2654 3324 2934 3380 aeternae
2958 3310 3087 3379 1133-

946 3430 1298 3519 reditatis;
1354 3429 1757 3526 gaudetque
1803 3429 1876 3498 in
1923 3453 2008 3499 ea
2038 3454 2161 3525 spe
2196 3429 2380 3498 miro
2435 3425 2660 3497 modo
2693 3427 2803 3496 vir
2829 3426 3082 3521 justus,

944 3546 1240 3641 cupiens
1289 3559 1359 3615 et
1410 3543 1822 3615 desiderans
1869 3558 2021 3615 toto
2058 3545 2314 3614 mentis
2353 3543 2609 3614 affectu
2661 3542 3088 3613 imitatorem

947 3686 1019 3730 se
1060 3659 1210 3729 fieri
1247 3686 1498 3730 eorum
1538 3661 1659 3757 qui
1715 3658 1856 3730 fide
1891 3674 1963 3729 et
2004 3660 2344 3757 patientia
2385 3657 2901 3729 haereditarunt
2931 3682 3089 3754 pro-

948 3776 1361 3865 missiones3
1405 3802 1635 3873 eoque
1687 3775 1911 3847 modo
1959 3775 2263 3845 invictus
2309 3798 2646 3866 manenS,
2699 3798 2830 3871 per
2883 3770 3092 3842 fidem

950 3893 1509 3991 patientiamque
1565 3894 1779 3964 vincit
1830 3907 2174 3988 tyrannos
2213 3907 2281 3962 et
2317 3916 2560 3987 regna,
2597 3890 3092 3988 experiturque

954 4008 1403 4081 verissimum
1439 4036 1613 4100 esse,
1655 4008 1854 4104 quod
1890 4008 2079 4079 idem
2121 4007 2497 4105 Apostolus
2531 4008 2653 4098 ait,
2690 4037 2722 4070 α
2752 4006 2920 4103 quia
2947 4004 3094 4075 diti-

952 4127 1281 4222 gentibus
1321 4132 1551 4199 Deum
1584 4128 1832 4198 omnia
1863 4140 2347 4221 cooperantur
2377 4126 2452 4194 in
2489 4123 2794 4213 bonum,
2829 4122 2938 4191 his
2975 4120 3091 4215 qui

951 4244 1347 4314 secundum
1380 4243 1832 4341 propositum
1867 4244 2100 4312 vocati
2131 4255 2296 4312 sunt
2329 4240 2581 4310 sancti.
2627 4267 2662 4306 »
