3400 5417
874 530 949 586 41.
1418 530 1939 588 HISTORIARUM
1981 532 2337 589 LUDOVICI
2377 534 2463 589 XI

872 665 1094 736 mavit
1138 668 1547 768 consultum
1595 664 1870 756 subire;
1929 665 2056 739 sed
2107 666 2297 738 intra
2352 666 2620 765 oppida
2683 670 2998 759 munita,

872 780 1188 855 confinia
1227 782 1544 855 hostium
1590 784 1794 853 terris
1818 839 1838 875 ,
1895 806 2044 855 sese
2081 782 2549 878 militiamque
2591 808 2796 857 suam
2829 809 3004 857 con·-

870 898 1106 969 tinuit.

972 1017 1153 1085 Cum
1186 1039 1357 1103 vero
1402 1012 1818 1111 aliquandiu
1861 1014 2144 1085 Austriae
2186 1013 2332 1085 dux
2378 1038 2547 1086 cum
2587 1016 2732 1087 suis
2783 1017 3009 1115 copiis

872 1129 947 1199 in
986 1131 1231 1201 castris
1272 1144 1742 1227 exspectasset
1782 1131 1840 1199 si
1892 1154 2013 1200 rex
2058 1130 2344 1227 copiam
2385 1130 2555 1225 justi
2601 1132 3009 1203 certaminis

874 1245 1103 1317 facere
1132 1248 1365 1338 vellet,
1402 1260 1471 1317 et
1503 1248 1596 1318 ad
1620 1244 2149 1317 conserendum
2179 1246 2513 1342 proelium
2541 1245 3002 1341 descendere,

875 1386 1107 1460 neque
1141 1363 1216 1434 id
1247 1364 1599 1435 facturum
1635 1387 1712 1435 se
1743 1363 1923 1435 velle
1961 1361 2313 1434 ullatenus
2360 1362 2740 1451 indicaret,
2790 1365 3010 1436 inter-

872 1477 1354 1550 mediantibus
1401 1479 1766 1551 nonnullis
1808 1502 1894 1549 ex
1946 1493 2246 1574 utraque
2285 1480 2598 1575 partium
2645 1478 3014 1551 nobilibus

873 1608 945 1665 et
999 1594 1212 1667 bonis
1264 1597 1470 1684 viriS,
1512 1620 1748 1667 sermo
1793 1594 1882 1667 de
1935 1595 2264 1667 ineundis
2305 1611 2518 1694 atque
2571 1597 3014 1695 paciscendis

872 1711 1136 1804 treugis
1182 1710 1497 1783 habituS.
1536 1714 1624 1781 Et
1654 1735 1822 1781 cum
1859 1710 2044 1782 ultro
2080 1712 2442 1808 citroque,
2491 1736 2578 1783 eo
2620 1712 2820 1807 quod
2864 1716 3016 1809 agri

876 1826 1241 1922 utriusque
1294 1827 1537 1898 limitis
1578 1826 1826 1897 inculti
1867 1825 2287 1924 colonisque
2337 1826 2596 1900 deserti
2629 1828 3008 1922 jacebant,

875 1958 1293 2037 urgerentur
1339 1944 1753 2015 victualium
1810 1956 2025 2039 atque
2061 1968 2368 2015 annonae
2401 1946 2740 2042 penuria,
2779 1944 2874 2017 ad
2911 1946 3016 2017 sa-

876 2058 1165 2129 ciendas
1210 2075 1492 2153 treugas
1542 2060 1836 2130 annales
1879 2058 2261 2130 deventum
2309 2074 2452 2150 est,
2504 2085 2670 2130 cum
2724 2060 3016 2134 licentia

875 2175 1481 2245 commerciorum
1521 2188 1702 2245 terra
1748 2174 2072 2269 marique
2106 2173 2364 2265 libere,
2404 2172 2543 2246 hac
2575 2190 2790 2270 atque
2817 2175 3010 2267 illac,

875 2286 1279 2361 fiendorum
1313 2305 1526 2385 atque
1564 2289 2150 2361 exercendorum.

972 2409 1145 2492 Quae
1179 2422 1450 2501 treuga,
1475 2431 1639 2476 cum
1680 2411 1966 2504 praeter¹
1996 2411 2046 2477 F
2050 2408 2530 2503 lamingorum
2565 2407 3017 2504 aliorumque

875 2519 1076 2591 ducis
1125 2521 1581 2593 subditorum
1626 2547 2059 2593 consensum
2111 2522 2293 2594 facta
2322 2537 2396 2594 et
2429 2521 2710 2594 firmata
2743 2523 3013 2614 fuisset,

874 2637 1141 2709 eisdem
1182 2637 1388 2709 valde
1422 2637 1784 2734 displicuit
1817 2652 1888 2709 et
1922 2638 2328 2709 inimicitias
2364 2663 2609 2733 graves
2641 2654 2712 2709 et
2735 2641 3018 2736 pericu-

874 2753 1059 2824 losas
1107 2752 1445 2825 adversus
1500 2778 1669 2843 θος,
1731 2755 1854 2850 qui
1897 2778 2056 2824 eam
2108 2754 2498 2845 cuderam,
2563 2755 2778 2826 totius
2819 2757 3017 2851 vulgi

877 2870 1217 2942 Flandriae
1258 2870 1699 2965 aliarumque
1739 2886 2088 2943 terrarum
2131 2870 2331 2941 ducis
2378 2871 2750 2963 accendit;
2800 2873 2899 2943 ita
2939 2890 3016 2945 ut

876 2987 1009 3083 ipsi
1056 2989 1180 3083 qui
1224 2987 1511 3059 easdem
1550 3000 2024 3059 tractaverant
2058 3002 2127 3055 et
2161 2987 2653 3079 confecerant,
2691 3004 3018 3084 postmo-

877 3101 1049 3171 dum
1077 3162 1095 3187 ‚
1141 3129 1289 3174 non
1326 3104 1456 3175 abs
1502 3129 1611 3192 re,
1666 3106 1852 3175 intra
1905 3104 2292 3197 insigniora
2327 3103 2608 3174 illarum
2661 3118 3014 3176 terrarum

879 3218 1147 3315 oppida
1184 3245 1257 3290 se
1309 3221 1627 3290 invenire
1670 3218 2170 3290 formidarunt.
2227 3220 2582 3315 Praecipue
2627 3243 2799 3289 vero
2842 3222 3017 3316 ipsis

878 3334 1297 3431 displicebat
1346 3335 1543 3430 quod
1586 3341 2066 3407 'I'ornacenses
2117 3334 2436 3429 ejusdem
2489 3352 2743 3429 treugae
2796 3336 3020 3409 bene-

880 3450 1043 3520 ficio
1094 3451 1518 3547 potirentur,
1576 3475 1663 3521 eo
1716 3451 1913 3546 quod
1967 3451 2223 3521 milites
2287 3456 2764 3541 Francorum,
2831 3479 3018 3547 quos

880 3566 1056 3636 inibi
1114 3591 1231 3635 rex
1281 3567 1645 3662 superiore
1682 3591 1878 3639 anno
1932 3591 2064 3663 pro
2127 3566 2453 3662 praesidio
2508 3567 2812 3658 locarat,
2869 3570 3017 3637 suis

879 3680 1407 3753 incursionibus
1485 3684 1686 3752 terris
1741 3682 2014 3752 vicinis*
2064 3681 2405 3751 Flandria·
2469 3697 2540 3753 et
2615 3685 3015 3753 Hannoniae

880 3815 1091 3894 atque
1138 3797 1655 3889 InsulensibuS‚
1713 3798 2058 3869 incendiis
2115 3811 2186 3868 et
2235 3798 2488 3895 praedis
2535 3797 2800 3869 damna
2853 3799 3014 3895 plu-

879 3916 1056 3985 rima
1091 3914 1513 3984 intulissent.
1552 3915 1757 3985 Unde
1795 3914 1996 3984 initio
2035 3929 2482 4008 treugarum,
2523 3939 2678 4008 quae
2709 3913 3015 3986 inchoa-

878 4029 1055 4100 bant
1126 4028 1241 4098 die
1314 4054 1382 4099 xi
1449 4031 1710 4100 mensis
1769 4030 1924 4125 julii
1951 4086 1967 4119 ,
2040 4054 2232 4100 anuo
2305 4053 2796 4101 wlcccccxxvm
2832 4036 2878 4121 ¹,
2938 4034 3011 4102 in

964 4201 1018 4253 1.
1058 4202 1295 4272 Propter
1321 4198 1462 4255 dans
1490 4198 1544 4254 lc
1576 4218 1680 4254 ms.

967 4296 1023 4348 Ξ.
1072 4292 1362 4361 Dantem,
1408 4293 1549 4348 dans
1579 4305 1696 4349 tout
1743 4311 1806 4348 cc
1851 4312 2113 4367 passage,
2151 4292 2402 4348 confond
2434 4290 2584 4346 deux
2616 4296 2826 4349 treveS.
2861 4294 3016 4350 Celle
