3400 5417
942 471 1058 525 256
1777 470 2153 527 APOLOGIA
2173 512 2190 540 ,

945 600 1160 695 (ultra
1189 623 1274 671 ea
1319 625 1474 697 quae
1519 601 1919 695 retulimus)
1974 601 2365 696 gravissimi
2408 601 2751 698 ponderis
2796 604 3065 674 censeri

943 714 1182 806 debet,
1211 741 1377 788 cum
1414 741 1578 786 eum
1615 715 1876 787 talibus
1898 715 2338 810 indulgentia
2363 730 2434 786 et
2465 715 2833 788 favoribus
2862 717 3067 787 fuisse

942 832 1036 906 ab
1099 833 1365 904 illustri·
1428 832 2019 927 Burgundionum
2076 833 2259 903 duce
2324 847 2701 931 exceptum
2770 835 3067 929 genitori

942 949 1092 1044 ejus
1135 949 1281 1043 regi
1338 949 1642 1020 maxime
1697 963 1768 1018 et
1817 972 2018 1045 paene
2065 947 2605 1044 implacabiliter
2668 947 3069 1045 displiceret

941 1081 1011 1136 et
1059 1066 1211 1160 ejus
1261 1066 1800 1160 magnanimum
1843 1065 2165 1136 animum
2210 1062 2669 1134 vehementer
2714 1064 3061 1156 inureret,

938 1195 1149 1277 atque
1170 1181 1262 1252 ad
1294 1181 1541 1252 odium
1569 1195 1640 1250 et
1667 1179 2058 1252 vindictam
2085 1178 2419 1250 adversus
2450 1178 2791 1251 eumdem
2818 1177 3065 1249 ducem

940 1296 1359 1370 accenderet
1378 1353 1396 1388 ,
1435 1321 1584 1366 non
1619 1311 1857 1367 tamen
1904 1295 2141 1366 adhuc
2185 1295 2423 1391 ipsum
2464 1294 2657 1366 idem
2704 1294 2861 1364 dux
2906 1301 3063 1364 Bur·

940 1413 1218 1509 gundiae
1241 1467 1259 1502 ,
1293 1411 1457 1482 licet
1488 1436 1636 1481 non
1671 1411 1945 1504 absque
1980 1411 2195 1481 totius
2227 1412 2335 1481 sui
2367 1426 2589 1482 status
2619 1409 3058 1501 discrimine,

938 1528 1133 1624 apud
1164 1551 1236 1597 se
1270 1528 1344 1597 in
1396 1528 1592 1597 omni
1643 1551 1812 1598 eum
1867 1525 2146 1596 honore
2191 1540 2262 1596 et
2318 1525 2773 1598 observantia
2808 1525 3064 1597 habere

939 1645 1226 1717 destitit.
1287 1648 1373 1712 Et
1416 1658 1817 1740 postremO,
1873 1643 2190 1737 genitore
2244 1643 2459 1713 etiam
2512 1642 2663 1738 ejus
2710 1666 2880 1736 rege
2936 1642 3065 1712 vita

943 1760 1211 1849 funem,
1253 1784 1420 1828 cum
1451 1759 1690 1855 plures
1718 1782 1801 1827 ex
1832 1756 2281 1850 magnatibus
2314 1771 2386 1827 et
2421 1755 2849 1855 proceribus
2880 1759 3063 1851 regni

938 1874 1159 1944 alium
1191 1874 1281 1944 ad
1318 1873 1648 1944 diadema
1675 1873 1951 1966 regium
1982 1873 2337 1966 surrogari
2362 1888 2433 1943 et
2458 1871 2819 1961 substitui,
2859 1898 3065 1970 quam

939 1990 1213 2086 ipsum,
1263 1989 1604 2059 Karolum
1653 1988 1981 2059 videlicet
2016 2012 2433 2082 germanum
2479 1988 2824 2061 libentius
2870 1990 3067 2060 vidis-

939 2120 1119 2197 sent,
1159 2104 1537 2174 formidine
1571 2118 1783 2197 atque
1814 2117 2009 2173 metu
2034 2104 2365 2200 potentiae
2398 2119 2471 2174 et
2499 2105 2761 2174 virium
2790 2130 3065 2176 eorum·

938 2220 1104 2291 dem
1173 2222 1547 2291 illustrium
1607 2221 2017 2317 principum
2083 2219 2673 2314 Burgundionum
2730 2225 3062 2319 repressi,

941 2361 1190 2406 omnes
1259 2337 1779 2425 conticuerunt,
1863 2349 1933 2404 et
2000 2335 2300 2431 pacifico
2365 2351 2437 2406 et
2501 2338 2751 2434 quieto
2832 2340 3065 2410 animo

939 2450 1208 2538 eidem,
1257 2466 1598 2546 tanquam
1648 2475 1780 2520 suo
1824 2449 2010 2542 regi,
2066 2473 2312 2545 parere
2366 2463 2577 2546 atque
2614 2451 2919 2523 obedire
2950 2479 3065 2523 cu-

942 2581 1185 2638 rarunt
1213 2572 1255 2637 ¹.

1668 2819 2177 2888 CAPITULUM
2230 2820 2347 2886 1V.

1616 2996 1694 3046 De
1729 2993 1915 3046 eadem
1944 2994 2125 3048 adhuc
2153 2995 2389 3048 materia.

1036 3179 1237 3246 Hanc
1287 3176 1521 3272 itaque
1553 3191 1826 3247 tantam
1875 3177 2091 3247 totius
2139 3178 2335 3270 regni
2380 3177 2867 3273 pacationem,
2912 3176 3064 3248 sub-

938 3291 1082 3362 lato
1131 3291 1252 3360 illo
1294 3292 1534 3362 medio
1582 3291 1846 3388 pariete
1886 3293 2138 3362 veteris
2173 3292 2551 3362 inimicitiae
2584 3291 2773 3361 inter
2808 3293 3065 3386 regiam

941 3407 1239 3478 domum
1286 3424 1354 3478 et
1395 3408 1682 3477 illustris
1738 3407 2328 3500 Burgundionum
2365 3406 2597 3493 ducis,
2650 3406 2776 3503 qui
2819 3408 3067 3477 unitati

941 3540 1010 3592 et
1060 3524 1460 3594 concordiae
1509 3523 1723 3592 totius
1783 3522 2262 3591 illustrissimae
2319 3527 2759 3594 Francorum
2813 3523 3071 3594 domus

940 3640 1131 3707 solus
1162 3637 1373 3733 paulo
1408 3653 1570 3707 ante
1604 3635 1943 3707 obsistere
1972 3635 2367 3722 videbatur,
2409 3652 2573 3707 ante
2612 3637 2867 3707 oculos
2908 3638 3066 3706 novi

946 3779 1112 3832 tunc
1156 3764 1335 3854 regis
1386 3763 1855 3844 adducenteS,
1906 3759 2035 3829 sibi
2086 3758 2328 3829 libello
2375 3759 2734 3829 antedicto
2773 3759 3065 3829 suadere

944 3878 1370 3968 nitebamur,
1419 3879 1711 3948 minime
1764 3893 1913 3946 tum
1968 3901 2148 3972 opus
2205 3875 2353 3946 fore
2404 3874 2604 3970 quod
2657 3890 2937 3945 tantam
2984 3873 3063 3944 ad

942 3994 1290 4091 stipendia
1333 3994 1695 4065 ordinaria
1748 3993 2073 4063 militiam
2112 3992 2485 4078 retineret3
2522 3991 2822 4061 minime
2858 3991 3059 4061 etiam

1035 4207 1085 4262 l.
1131 4203 1217 4260 Cs.
1255 4200 1502 4258 Histoire
1529 4200 1606 4256 du
1637 4203 1811 4275 regne
1842 4200 1912 4256 ‹le
1940 4200 2108 4256 Louis
2136 4203 2252 4267 Xl,
2288 4199 2328 4256 1.
2366 4203 2393 4256 1
2416 4241 2431 4270 ,
2460 4218 2515 4259 e.
2543 4220 2585 4256 1.
