3400 5417
1234 524 1454 580 LIBER
1496 524 1781 580 SEXTUS
1792 566 1805 578 .
2503 526 2578 580 45

444 676 719 725 annum
753 652 1105 726 duraturae
1134 709 1153 746 ,
1190 654 1438 753 populi
1468 652 1811 725 Flandriae
1861 666 1929 724 et
1984 654 2380 725 Hannoniae
2400 710 2418 745 ,
2476 654 2580 721 vi-

446 769 756 840 ciniores
787 773 1114 840 Tornaco
1141 824 1159 861 ,
1190 782 1471 865 treugas
1509 792 1787 839 servare
1815 767 1986 865 ipsis
2017 767 2582 840 Tornacensibus

447 884 922 957 recusabant:
977 883 1270 956 eosdem
1294 941 1313 977 ,
1385 885 1442 956 si
1502 884 1593 956 ad
1644 884 1914 982 oppida
1939 941 1956 976 ,
2015 884 2408 955 necessaria
2458 906 2582 952 co-

447 999 739 1072 emendi
790 1002 1013 1097 gratia
1040 1055 1059 1091 ‚
1099 999 1594 1092 divertebant,
1631 1001 1743 1071 vel
1783 998 2161 1091 caedendo,
2211 998 2326 1069 vel
2367 996 2582 1070 rebus

448 1118 596 1189 suis
627 1116 1005 1215 spoliando
1040 1131 1254 1214 atque
1289 1118 1499 1188 variis
1532 1117 1807 1213 injuriis
1841 1114 2245 1188 afficiendo.

552 1237 689 1304 Pro
726 1232 987 1330 quibus
1014 1289 1032 1325 ‚
1072 1258 1239 1304 cum
1286 1232 1479 1331 apud
1525 1257 1763 1327 regem
1799 1233 2028 1329 questi
2067 1232 2367 1327 graviter
2415 1230 2584 1300 fuis-

449 1365 643 1443 sent,
689 1350 833 1422 hoc
879 1351 1114 1421 solum
1163 1349 1457 1421 remedii
1508 1351 1852 1447 consequi
1898 1362 2290 1446 potuerunt
2335 1345 2531 1443 quod
2561 1402 2580 1438 ,

450 1491 618 1537 cum
654 1468 808 1541 suis
852 1465 1219 1557 hostibuS‚
1278 1490 1421 1561 qua
1481 1466 1776 1537 meliore
1821 1481 1892 1536 et
1945 1462 2438 1536 commodiore
2475 1464 2587 1533 via

448 1596 767 1679 possent,
804 1582 1355 1678 paciscerentur.
1397 1580 1611 1667 Quod
1648 1597 1720 1653 et
1756 1582 2099 1673 fecerunt,
2142 1579 2441 1677 polliciti
2485 1579 2589 1648 in-

448 1711 660 1770 antea
696 1721 769 1769 se
798 1722 949 1768 non
987 1712 1398 1795 recepturos
1433 1697 1758 1793 praesidia
1798 1698 2104 1768 militurn
2152 1696 2331 1789 regis
2379 1695 2452 1763 in
2497 1694 2588 1764 ci-

447 1815 665 1886 vitate
717 1838 843 1885 sua
878 1818 924 1905 ¹,
991 1795 1049 1885 si
1108 1828 1270 1911 post
1318 1828 1599 1907 treugas
1652 1813 1746 1884 ad
1802 1813 2113 1884 recidiva
2161 1811 2351 1883 bella
2410 1812 2588 1881 soret

449 1928 1026 2021 deveniendum3
1065 1927 1187 2000 sed
1224 1953 1296 2000 se
1325 1985 1344 2020 ‚
1389 1944 1731 2025 tanquam
1769 1929 2122 2001 neutrales
2150 1985 2169 2020 ,
2209 1928 2487 2023 quietos
2519 1942 2588 1997 et

449 2042 758 2137 liberm,
821 2068 1241 2142 permanere
1311 2059 1378 2115 et
1449 2045 1820 2115 continere
1878 2043 2175 2136 debere,
2245 2042 2586 2140 permissa

449 2158 675 2233 libera
703 2161 1031 2233 facultate
1069 2186 1197 2259 per
1229 2175 1449 2232 terras
1493 2158 1695 2229 ducis
1718 2216 1736 2252 ,
1779 2184 1978 2255 aeque
2012 2173 2090 2230 ut
2137 2184 2264 2256 per
2308 2158 2533 2253 regias
2563 2212 2583 2245 ,

448 2301 617 2347 cum
652 2278 954 2369 vellent,
994 2275 1436 2367 transeundi,
1484 2277 1655 2346 etin
1694 2275 1963 2345 eisdem
1997 2298 2125 2346 sua
2157 2276 2589 2345 commercia

447 2407 522 2462 et
568 2393 1084 2488 negotiationes
1116 2392 1339 2462 libere
1373 2389 1776 2461 exercendi.
1835 2396 1923 2459 Et
1967 2389 2056 2461 de
2092 2388 2586 2485 hujuscemodi

452 2507 926 2602 promissione
979 2507 1241 2577 litteras
1286 2529 1447 2576 suas
1488 2505 1757 2577 validas
1805 2505 1968 2575 duci
2006 2505 2289 2575 Austriae
2336 2519 2406 2574 et
2448 2504 2590 2574 suis

454 2620 903 2691 tradiderunt
931 2626 976 2711 ¹¹,
1034 2621 1332 2693 obtento
1387 2622 1700 2718 primum
1759 2646 1972 2717 super
2031 2620 2173 2690 hoc
2237 2602 2610 2691 consensu·

454 2742 699 2837 regis⁸.
743 2744 829 2809 Et
859 2740 1001 2808 hoc
1051 2737 1273 2808 modo
1326 2751 1583 2830 treugae
1634 2736 1987 2807 beneficio
2029 2736 2324 2807 demum
2376 2738 2592 2834 potiri

455 2872 893 2929 meruerunt.

555 2978 866 3044 Fuerunt
929 2985 1167 3043 autem
1207 2968 1702 3064 hujuscemodi
1751 2984 2010 3063 treugae
2061 2970 2266 3039 initio
2315 2984 2590 3040 utcum-

456 3113 599 3185 que
635 3102 922 3159 servatae
956 3086 1166 3181 (licet
1202 3084 1580 3178 Flamingis
1618 3085 2024 3178 caeterisque
2057 3082 2356 3155 subditis
2391 3084 2592 3155 ducis

459 3324 541 3380 du
569 3326 635 3380 11
670 3322 857 3395 juillet
890 3323 1068 3396 1478,
1106 3346 1134 3373 α
1167 3321 1392 3378 (Ιοῐιῐιὸο
1422 3341 1496 3377 au
1522 3341 1689 3399 camp
1721 3322 1802 3379 lez
1831 3323 1884 3379 le
1913 3322 2090 3380 vieux
2117 3324 2363 3394 vendin,
2401 3348 2426 3373 ι»
2457 3325 2590 3381 etait

457 3417 517 3473 le
574 3416 1063 3473 renouvellement
1113 3414 1285 3472 d'unc
1333 3416 1613 3491 premii-re
1658 3416 1900 3472 conclue
1947 3419 1980 3472 a
2019 3420 2168 3472 Lens
2211 3418 2278 3484 ‚le
2333 3422 2407 3473 18
2462 3438 2589 3495 sep-

462 3508 686 3567 tembre
716 3514 893 3567 1477.
927 3510 1120 3567 L'acte
1147 3509 1217 3565 de
1245 3510 1399 3566 l‘unc
1427 3521 1482 3564 et
1514 3508 1585 3563 (le
1613 3510 1814 3566 l'aurre
1842 3529 1902 3565 se
1933 3523 2135 3566 trouve
2163 3511 2305 3567 dans
2336 3512 2386 3567 le
2411 3514 2591 3587 Corps

462 3603 891 3681 Diplomatiquc
918 3604 988 3659 de
1018 3606 1267 3659 Dumonl
1290 3645 1304 3672 ‚
1343 3615 1383 3658 t.
1419 3605 1499 3658 111
1536 3605 1625 3672 (2ο
1656 3604 1891 3679 partie),
1926 3624 1984 3679 1¹·
2022 3608 2095 3660 10
2125 3616 2181 3660 et
2209 3606 2307 3661 26.

548 3700 605 3755 1.
656 3720 684 3749 c
713 3703 819 3753 Par
854 3697 928 3753 tel
979 3698 1054 3768 si,
1096 3716 1207 3772 que
1241 3695 1445 3767 jannais
1486 3716 1558 3751 ne
1604 3695 1942 3753 debvroient
1986 3698 2284 3773 rccepvoir
2323 3698 2590 3775 garnison

464 3810 615 3867 pour
640 3791 722 3848 les
745 3788 1039 3865 Francois,
1070 3810 1126 3844 se
1152 3794 1204 3844 le
1230 3810 1331 3862 roy
1355 3790 1450 3861 η’]
1476 3791 1638 3847 estoit
1662 3810 1731 3844 en
1750 3810 2050 3863 personne.
2076 3816 2103 3843 n
2141 3790 2394 3860 molinet,
2428 3803 2467 3847 t.
2503 3793 2590 3861 11,

462 3884 560 3941 ch.
592 3902 686 3941 Lx.

549 3982 607 4038 2.
661 3982 802 4036 Vers
830 3980 884 4036 la
911 3977 1308 4036 Saint-Martin
1338 3977 1408 4033 de
1437 3978 1549 4033 l'an
1580 3980 1758 4041 1478,
1793 3977 1948 4034 selon
1976 3978 2230 4036 Molinet.

550 4076 606 4128 3.
653 4072 1066 4129 Inexactitude.
1110 4076 1190 4127 Le
1218 4070 1302 4126 roi
1332 4070 1523 4126 donna
1558 4068 1830 4126 abolition
1869 4073 2037 4148 apres
2066 4073 2120 4128 le
2157 4071 2254 4128 fait
2285 4070 2584 4145 accompli.

466 4167 694 4235 Baete,
736 4185 805 4221 en
852 4165 981 4221 date
1015 4166 1092 4221 dn
1130 4168 1203 4221 29
1245 4165 1472 4236 janvier
1513 4167 1697 4234 1479,
1748 4178 1827 4221 est
1878 4165 2016 4222 dans
2063 4166 2113 4221 lc
2154 4166 2476 4223 commines
2520 4164 2588 4219 de

464 4261 1082 4337 Lcnglet·Dusre.s-noy,
1117 4274 1155 4316 t.
1191 4263 1301 4329 111,
1334 4280 1391 4334 p.
1429 4261 1563 4319 557.
