<?xml version="1.0" encoding="UTF-8"?>
<!DOCTYPE html PUBLIC "-//W3C//DTD XHTML 1.0 Transitional//EN"
    "http://www.w3.org/TR/xhtml1/DTD/xhtml1-transitional.dtd">
<html xmlns="http://www.w3.org/1999/xhtml" xml:lang="en" lang="en">
 <head>
  <title>
</title>
<meta http-equiv="Content-Type" content="text/html;charset=utf-8" />
  <meta name='ocr-system' content='tesseract 3.04.00' />
  <meta name='ocr-capabilities' content='ocr_page ocr_carea ocr_par ocr_line ocrx_word'/>
</head>
<body>
  <div class='ocr_page' id='page_1' title='image "./histoiredesrgne00unkngoog_0080.png"; bbox 0 0 3400 5417; ppageno 0'>
   <div class='ocr_carea' id='block_1_1' title="bbox 1013 509 2364 571">
    <p class='ocr_par' dir='ltr' id='par_1_1' title="bbox 1013 509 2364 571">
     <span class='ocr_line' id='line_1_1' title="bbox 1013 509 2364 571; baseline -0.001 -2"><span class='ocrx_word' id='word_1_1' title='bbox 1013 514 1230 571; x_wconf 81' lang='lat' dir='ltr'>LIBER</span> <span class='ocrx_word' id='word_1_2' title='bbox 1273 513 1578 571; x_wconf 79' lang='lat' dir='ltr'><strong>SEXTUS.</strong></span> <span class='ocrx_word' id='word_1_3' title='bbox 2290 509 2364 567; x_wconf 78' lang='lat'><strong>33</strong></span> 
     </span>
    </p>
   </div>
   <div class='ocr_carea' id='block_1_2' title="bbox 231 643 2368 3637">
    <p class='ocr_par' dir='ltr' id='par_1_2' title="bbox 238 643 2368 1783">
     <span class='ocr_line' id='line_1_2' title="bbox 242 643 2367 741; baseline 0.001 -28"><span class='ocrx_word' id='word_1_4' title='bbox 242 648 558 718; x_wconf 88' lang='lat' dir='ltr'><strong>Tornaco</strong></span> <span class='ocrx_word' id='word_1_5' title='bbox 582 646 922 719; x_wconf 83' lang='lat' dir='ltr'><strong>exierant.</strong></span> <span class='ocrx_word' id='word_1_6' title='bbox 963 650 1186 719; x_wconf 89' lang='lat' dir='ltr'><strong>Porro</strong></span> <span class='ocrx_word' id='word_1_7' title='bbox 1213 671 1382 719; x_wconf 90' lang='lat' dir='ltr'><strong>cum</strong></span> <span class='ocrx_word' id='word_1_8' title='bbox 1431 669 1600 719; x_wconf 90' lang='lat' dir='ltr'><strong>suos</strong></span> <span class='ocrx_word' id='word_1_9' title='bbox 1631 644 2060 739; x_wconf 89' lang='lat' dir='ltr'><strong>Flamingos,</strong></span> <span class='ocrx_word' id='word_1_10' title='bbox 2092 643 2217 740; x_wconf 90' lang='lat' dir='ltr'><strong>qui</strong></span> <span class='ocrx_word' id='word_1_11' title='bbox 2248 667 2367 741; x_wconf 87' lang='lat' dir='ltr'><strong>pe·</strong></span> 
     </span>
     <span class='ocr_line' id='line_1_3' title="bbox 244 758 2365 861; baseline 0 -31"><span class='ocrx_word' id='word_1_12' title='bbox 244 760 414 835; x_wconf 87' lang='lat' dir='ltr'><strong>dites</strong></span> <span class='ocrx_word' id='word_1_13' title='bbox 443 777 646 833; x_wconf 85' lang='lat' dir='ltr'><strong>erant</strong></span> <span class='ocrx_word' id='word_1_14' title='bbox 661 763 934 859; x_wconf 88' lang='lat' dir='ltr'><strong>majore</strong></span> <span class='ocrx_word' id='word_1_15' title='bbox 962 788 1050 835; x_wconf 83' lang='lat' dir='ltr'><strong>ex</strong></span> <span class='ocrx_word' id='word_1_16' title='bbox 1069 778 1268 861; x_wconf 89' lang='lat' dir='ltr'><strong>parte</strong></span> <span class='ocrx_word' id='word_1_17' title='bbox 1289 818 1310 855; x_wconf 93' lang='lat'><strong>,</strong></span> <span class='ocrx_word' id='word_1_18' title='bbox 1344 786 1435 834; x_wconf 91' lang='lat' dir='ltr'><strong>ne</strong></span> <span class='ocrx_word' id='word_1_19' title='bbox 1467 784 1683 860; x_wconf 91' lang='lat' dir='ltr'><strong>super</strong></span> <span class='ocrx_word' id='word_1_20' title='bbox 1713 784 1838 832; x_wconf 93' lang='lat' dir='ltr'><strong>eos</strong></span> <span class='ocrx_word' id='word_1_21' title='bbox 1865 758 2365 855; x_wconf 89' lang='lat' dir='ltr'><strong>hujuscemodi</strong></span> 
     </span>
     <span class='ocr_line' id='line_1_4' title="bbox 243 874 2361 977; baseline -0 -29"><span class='ocrx_word' id='word_1_22' title='bbox 243 879 481 950; x_wconf 87' lang='lat' dir='ltr'><strong>Franci</strong></span> <span class='ocrx_word' id='word_1_23' title='bbox 510 880 784 975; x_wconf 87' lang='lat' dir='ltr'><strong>equites</strong></span> <span class='ocrx_word' id='word_1_24' title='bbox 810 880 1162 952; x_wconf 89' lang='lat' dir='ltr'><strong>irruerent</strong></span> <span class='ocrx_word' id='word_1_25' title='bbox 1180 936 1200 972; x_wconf 92' lang='lat'><strong>,</strong></span> <span class='ocrx_word' id='word_1_26' title='bbox 1231 878 1444 952; x_wconf 87' lang='lat' dir='ltr'><strong>vellet</strong></span> <span class='ocrx_word' id='word_1_27' title='bbox 1465 892 1834 977; x_wconf 83' lang='lat' dir='ltr'><strong>protegere</strong></span> <span class='ocrx_word' id='word_1_28' title='bbox 1858 900 1943 948; x_wconf 89' lang='lat' dir='ltr'><strong>ac</strong></span> <span class='ocrx_word' id='word_1_29' title='bbox 1967 874 2361 967; x_wconf 89' lang='lat' dir='ltr'><strong>defensare,</strong></span> 
     </span>
     <span class='ocr_line' id='line_1_5' title="bbox 241 989 2368 1094; baseline -0.002 -29"><span class='ocrx_word' id='word_1_30' title='bbox 241 994 663 1090; x_wconf 87' lang='lat' dir='ltr'><strong>praemittens</strong></span> <span class='ocrx_word' id='word_1_31' title='bbox 691 1022 814 1069; x_wconf 93' lang='lat' dir='ltr'><strong>eos</strong></span> <span class='ocrx_word' id='word_1_32' title='bbox 836 1022 1003 1068; x_wconf 92' lang='lat' dir='ltr'><strong>cum</strong></span> <span class='ocrx_word' id='word_1_33' title='bbox 1028 995 1266 1094; x_wconf 80' lang='lat' dir='ltr'><strong>praeda</strong></span> <span class='ocrx_word' id='word_1_34' title='bbox 1290 1019 1510 1093; x_wconf 90' lang='lat' dir='ltr'><strong>quam</strong></span> <span class='ocrx_word' id='word_1_35' title='bbox 1529 995 1865 1084; x_wconf 86' lang='lat' dir='ltr'><strong>fecerant,</strong></span> <span class='ocrx_word' id='word_1_36' title='bbox 1890 1006 2054 1091; x_wconf 89' lang='lat' dir='ltr'><strong>post</strong></span> <span class='ocrx_word' id='word_1_37' title='bbox 2074 989 2368 1063; x_wconf 90' lang='lat' dir='ltr'><strong>eosdem</strong></span> 
     </span>
     <span class='ocr_line' id='line_1_6' title="bbox 241 1104 2361 1209; baseline -0.001 -32"><span class='ocrx_word' id='word_1_38' title='bbox 241 1122 309 1178; x_wconf 91' lang='lat' dir='ltr'><strong>et</strong></span> <span class='ocrx_word' id='word_1_39' title='bbox 350 1110 536 1181; x_wconf 89' lang='lat' dir='ltr'><strong>inter</strong></span> <span class='ocrx_word' id='word_1_40' title='bbox 584 1135 708 1183; x_wconf 91' lang='lat' dir='ltr'><strong>eos</strong></span> <span class='ocrx_word' id='word_1_41' title='bbox 755 1127 966 1209; x_wconf 88' lang='lat' dir='ltr'><strong>atque</strong></span> <span class='ocrx_word' id='word_1_42' title='bbox 1007 1116 1318 1183; x_wconf 87' lang='lat' dir='ltr'>Francos</span> <span class='ocrx_word' id='word_1_43' title='bbox 1373 1111 1498 1207; x_wconf 93' lang='lat' dir='ltr'><strong>qui</strong></span> <span class='ocrx_word' id='word_1_44' title='bbox 1557 1135 1727 1180; x_wconf 92' lang='lat' dir='ltr'><strong>eum</strong></span> <span class='ocrx_word' id='word_1_45' title='bbox 1778 1104 2361 1202; x_wconf 85' lang='lat' dir='ltr'><strong>insequebantur,</strong></span> 
     </span>
     <span class='ocr_line' id='line_1_7' title="bbox 241 1217 2364 1321; baseline -0.003 -30"><span class='ocrx_word' id='word_1_46' title='bbox 241 1245 395 1292; x_wconf 89' lang='lat' dir='ltr'><strong>cum</strong></span> <span class='ocrx_word' id='word_1_47' title='bbox 423 1223 675 1320; x_wconf 88' lang='lat' dir='ltr'>paucis</span> <span class='ocrx_word' id='word_1_48' title='bbox 705 1223 1062 1318; x_wconf 86' lang='lat' dir='ltr'><strong>equitibus</strong></span> <span class='ocrx_word' id='word_1_49' title='bbox 1091 1248 1272 1321; x_wconf 91' lang='lat' dir='ltr'><strong>quos</strong></span> <span class='ocrx_word' id='word_1_50' title='bbox 1295 1220 1636 1313; x_wconf 90' lang='lat' dir='ltr'><strong>habebat,</strong></span> <span class='ocrx_word' id='word_1_51' title='bbox 1664 1244 1737 1290; x_wconf 93' lang='lat' dir='ltr'><strong>se</strong></span> <span class='ocrx_word' id='word_1_52' title='bbox 1762 1217 2152 1291; x_wconf 90' lang='lat' dir='ltr'><strong>constituit.</strong></span> <span class='ocrx_word' id='word_1_53' title='bbox 2183 1219 2364 1286; x_wconf 89' lang='lat' dir='ltr'><strong>Cum</strong></span> 
     </span>
     <span class='ocr_line' id='line_1_8' title="bbox 238 1334 2365 1433; baseline -0.001 -28"><span class='ocrx_word' id='word_1_54' title='bbox 238 1360 398 1407; x_wconf 85' lang='lat' dir='ltr'><strong>vero</strong></span> <span class='ocrx_word' id='word_1_55' title='bbox 450 1338 876 1410; x_wconf 89' lang='lat' dir='ltr'><strong>eorumdem</strong></span> <span class='ocrx_word' id='word_1_56' title='bbox 933 1344 1372 1411; x_wconf 86' lang='lat' dir='ltr'><strong>Francorum</strong></span> <span class='ocrx_word' id='word_1_57' title='bbox 1431 1335 1961 1433; x_wconf 89' lang='lat' dir='ltr'><strong>insequentium</strong></span> <span class='ocrx_word' id='word_1_58' title='bbox 2017 1334 2365 1430; x_wconf 87' lang='lat' dir='ltr'><strong>impetum</strong></span> 
     </span>
     <span class='ocr_line' id='line_1_9' title="bbox 239 1450 2363 1552; baseline 0 -33"><span class='ocrx_word' id='word_1_59' title='bbox 239 1450 553 1548; x_wconf 83' lang='lat' dir='ltr'><strong>frangere</strong></span> <span class='ocrx_word' id='word_1_60' title='bbox 587 1469 1055 1552; x_wconf 84' lang='lat' dir='ltr'><strong>pertentaret,</strong></span> <span class='ocrx_word' id='word_1_61' title='bbox 1095 1480 1310 1551; x_wconf 90' lang='lat' dir='ltr'><strong>seque</strong></span> <span class='ocrx_word' id='word_1_62' title='bbox 1344 1469 1610 1527; x_wconf 91' lang='lat' dir='ltr'><strong>temere</strong></span> <span class='ocrx_word' id='word_1_63' title='bbox 1649 1452 1955 1523; x_wconf 89' lang='lat' dir='ltr'><strong>nimium</strong></span> <span class='ocrx_word' id='word_1_64' title='bbox 1984 1474 2152 1521; x_wconf 91' lang='lat' dir='ltr'><strong>cum</strong></span> <span class='ocrx_word' id='word_1_65' title='bbox 2184 1472 2363 1548; x_wconf 89' lang='lat' dir='ltr'><strong>pau·</strong></span> 
     </span>
     <span class='ocr_line' id='line_1_10' title="bbox 239 1566 2359 1668; baseline -0.001 -31"><span class='ocrx_word' id='word_1_66' title='bbox 239 1569 330 1639; x_wconf 89' lang='lat' dir='ltr'><strong>cis</strong></span> <span class='ocrx_word' id='word_1_67' title='bbox 360 1570 432 1639; x_wconf 90' lang='lat' dir='ltr'><strong>in</strong></span> <span class='ocrx_word' id='word_1_68' title='bbox 467 1570 698 1641; x_wconf 87' lang='lat' dir='ltr'><strong>multo</strong></span> <span class='ocrx_word' id='word_1_69' title='bbox 743 1572 1087 1668; x_wconf 89' lang='lat' dir='ltr'><strong>majorem</strong></span> <span class='ocrx_word' id='word_1_70' title='bbox 1122 1571 1438 1643; x_wconf 91' lang='lat' dir='ltr'><strong>hostium</strong></span> <span class='ocrx_word' id='word_1_71' title='bbox 1490 1593 1875 1643; x_wconf 89' lang='lat' dir='ltr'><strong>numerum</strong></span> <span class='ocrx_word' id='word_1_72' title='bbox 1915 1566 2359 1656; x_wconf 88' lang='lat' dir='ltr'><strong>immisisset,</strong></span> 
     </span>
     <span class='ocr_line' id='line_1_11' title="bbox 239 1682 2211 1783; baseline -0.002 -29"><span class='ocrx_word' id='word_1_73' title='bbox 239 1682 323 1754; x_wconf 89' lang='lat' dir='ltr'><strong>ab</strong></span> <span class='ocrx_word' id='word_1_74' title='bbox 355 1685 452 1754; x_wconf 91' lang='lat' dir='ltr'><strong>eis</strong></span> <span class='ocrx_word' id='word_1_75' title='bbox 483 1685 756 1757; x_wconf 87' lang='lat' dir='ltr'><strong>lanceis</strong></span> <span class='ocrx_word' id='word_1_76' title='bbox 783 1701 857 1757; x_wconf 93' lang='lat' dir='ltr'><strong>et</strong></span> <span class='ocrx_word' id='word_1_77' title='bbox 885 1687 1116 1756; x_wconf 88' lang='lat' dir='ltr'><strong>contis</strong></span> <span class='ocrx_word' id='word_1_78' title='bbox 1146 1686 1546 1777; x_wconf 85' lang='lat' dir='ltr'><strong>confossus,</strong></span> <span class='ocrx_word' id='word_1_79' title='bbox 1580 1697 1993 1783; x_wconf 90' lang='lat' dir='ltr'><strong>peremptus</strong></span> <span class='ocrx_word' id='word_1_80' title='bbox 2031 1695 2136 1753; x_wconf 91' lang='lat' dir='ltr'><strong>est</strong></span> <span class='ocrx_word' id='word_1_81' title='bbox 2168 1684 2211 1751; x_wconf 90' lang='lat'><strong>¹.</strong></span> 
     </span>
    </p>

    <p class='ocr_par' dir='ltr' id='par_1_3' title="bbox 235 1797 2364 2479">
     <span class='ocr_line' id='line_1_12' title="bbox 325 1797 2363 1898; baseline -0.001 -28"><span class='ocrx_word' id='word_1_82' title='bbox 325 1804 485 1887; x_wconf 90' lang='lat' dir='ltr'><strong>Quo</strong></span> <span class='ocrx_word' id='word_1_83' title='bbox 499 1816 800 1897; x_wconf 91' lang='lat' dir='ltr'><strong>accepto</strong></span> <span class='ocrx_word' id='word_1_84' title='bbox 835 1804 1118 1893; x_wconf 89' lang='lat' dir='ltr'><strong>nuntio,</strong></span> <span class='ocrx_word' id='word_1_85' title='bbox 1151 1803 1496 1897; x_wconf 89' lang='lat' dir='ltr'><strong>Flamingi</strong></span> <span class='ocrx_word' id='word_1_86' title='bbox 1523 1857 1542 1892; x_wconf 94' lang='lat'><strong>,</strong></span> <span class='ocrx_word' id='word_1_87' title='bbox 1583 1802 1709 1898; x_wconf 91' lang='lat' dir='ltr'><strong>qui</strong></span> <span class='ocrx_word' id='word_1_88' title='bbox 1739 1798 2115 1898; x_wconf 90' lang='lat' dir='ltr'><strong>paululum</strong></span> <span class='ocrx_word' id='word_1_89' title='bbox 2147 1797 2241 1869; x_wconf 91' lang='lat' dir='ltr'><strong>ab</strong></span> <span class='ocrx_word' id='word_1_90' title='bbox 2274 1822 2363 1868; x_wconf 91' lang='lat' dir='ltr'><strong>eo</strong></span> 
     </span>
     <span class='ocr_line' id='line_1_13' title="bbox 237 1913 2364 2014; baseline -0.001 -30"><span class='ocrx_word' id='word_1_91' title='bbox 237 1916 385 1985; x_wconf 85' lang='lat' dir='ltr'><strong>loco</strong></span> <span class='ocrx_word' id='word_1_92' title='bbox 435 1914 778 2008; x_wconf 90' lang='lat' dir='ltr'><strong>aberant,</strong></span> <span class='ocrx_word' id='word_1_93' title='bbox 815 1918 1120 1987; x_wconf 82' lang='lat' dir='ltr'><strong>exterriti</strong></span> <span class='ocrx_word' id='word_1_94' title='bbox 1166 1932 1235 1987; x_wconf 92' lang='lat' dir='ltr'><strong>et</strong></span> <span class='ocrx_word' id='word_1_95' title='bbox 1282 1916 1657 2014; x_wconf 86' lang='lat' dir='ltr'><strong>pavefacti,</strong></span> <span class='ocrx_word' id='word_1_96' title='bbox 1720 1939 1848 2013; x_wconf 91' lang='lat' dir='ltr'><strong>per</strong></span> <span class='ocrx_word' id='word_1_97' title='bbox 1894 1913 2133 2007; x_wconf 89' lang='lat' dir='ltr'><strong>fugam</strong></span> <span class='ocrx_word' id='word_1_98' title='bbox 2187 1937 2364 1982; x_wconf 86' lang='lat' dir='ltr'><strong>con-</strong></span> 
     </span>
     <span class='ocr_line' id='line_1_14' title="bbox 237 2029 2364 2126; baseline -0.001 -26"><span class='ocrx_word' id='word_1_99' title='bbox 237 2030 606 2102; x_wconf 86' lang='lat' dir='ltr'><strong>sulendum</strong></span> <span class='ocrx_word' id='word_1_100' title='bbox 659 2030 794 2102; x_wconf 91' lang='lat' dir='ltr'><strong>sibi</strong></span> <span class='ocrx_word' id='word_1_101' title='bbox 855 2033 1402 2103; x_wconf 78' lang='lat' dir='ltr'><strong>aestimaverunt.</strong></span> <span class='ocrx_word' id='word_1_102' title='bbox 1465 2035 1703 2117; x_wconf 88' lang='lat' dir='ltr'><strong>Quam</strong></span> <span class='ocrx_word' id='word_1_103' title='bbox 1759 2029 2221 2126; x_wconf 83' lang='lat' dir='ltr'><strong>accipienteS,</strong></span> <span class='ocrx_word' id='word_1_104' title='bbox 2287 2044 2364 2100; x_wconf 91' lang='lat' dir='ltr'><strong>ut</strong></span> 
     </span>
     <span class='ocr_line' id='line_1_15' title="bbox 236 2145 2363 2246; baseline -0.001 -30"><span class='ocrx_word' id='word_1_105' title='bbox 236 2147 471 2218; x_wconf 89' lang='lat' dir='ltr'><strong>melius</strong></span> <span class='ocrx_word' id='word_1_106' title='bbox 518 2148 826 2245; x_wconf 84' lang='lat' dir='ltr'><strong>quisque</strong></span> <span class='ocrx_word' id='word_1_107' title='bbox 872 2163 1186 2246; x_wconf 92' lang='lat' dir='ltr'><strong>poterat,</strong></span> <span class='ocrx_word' id='word_1_108' title='bbox 1236 2174 1413 2237; x_wconf 86' lang='lat' dir='ltr'><strong>sese,</strong></span> <span class='ocrx_word' id='word_1_109' title='bbox 1461 2149 1719 2219; x_wconf 88' lang='lat' dir='ltr'><strong>amisso</strong></span> <span class='ocrx_word' id='word_1_110' title='bbox 1771 2146 1982 2232; x_wconf 88' lang='lat' dir='ltr'><strong>duce,</strong></span> <span class='ocrx_word' id='word_1_111' title='bbox 2021 2146 2095 2215; x_wconf 92' lang='lat' dir='ltr'><strong>in</strong></span> <span class='ocrx_word' id='word_1_112' title='bbox 2128 2145 2363 2215; x_wconf 85' lang='lat' dir='ltr'><strong>vicina</strong></span> 
     </span>
     <span class='ocr_line' id='line_1_16' title="bbox 237 2261 2362 2363; baseline -0.001 -31"><span class='ocrx_word' id='word_1_113' title='bbox 237 2262 490 2360; x_wconf 88' lang='lat' dir='ltr'><strong>oppida</strong></span> <span class='ocrx_word' id='word_1_114' title='bbox 517 2281 992 2363; x_wconf 82' lang='lat' dir='ltr'><strong>receperunt3</strong></span> <span class='ocrx_word' id='word_1_115' title='bbox 1043 2266 1470 2361; x_wconf 87' lang='lat' dir='ltr'><strong>fueruntque</strong></span> <span class='ocrx_word' id='word_1_116' title='bbox 1504 2263 1594 2334; x_wconf 92' lang='lat' dir='ltr'><strong>de</strong></span> <span class='ocrx_word' id='word_1_117' title='bbox 1628 2263 1797 2360; x_wconf 92' lang='lat' dir='ltr'><strong>ipsis</strong></span> <span class='ocrx_word' id='word_1_118' title='bbox 1830 2261 2161 2332; x_wconf 82' lang='lat' dir='ltr'><strong>nonnulli</strong></span> <span class='ocrx_word' id='word_1_119' title='bbox 2195 2285 2362 2357; x_wconf 89' lang='lat' dir='ltr'><strong>per-</strong></span> 
     </span>
     <span class='ocr_line' id='line_1_17' title="bbox 235 2378 1943 2479; baseline 0.001 -32"><span class='ocrx_word' id='word_1_120' title='bbox 235 2382 476 2476; x_wconf 91' lang='lat' dir='ltr'><strong>empti,</strong></span> <span class='ocrx_word' id='word_1_121' title='bbox 509 2382 846 2451; x_wconf 91' lang='lat' dir='ltr'><strong>nonnulli</strong></span> <span class='ocrx_word' id='word_1_122' title='bbox 880 2384 1069 2479; x_wconf 93' lang='lat' dir='ltr'><strong>capti</strong></span> <span class='ocrx_word' id='word_1_123' title='bbox 1097 2396 1165 2452; x_wconf 94' lang='lat' dir='ltr'><strong>et</strong></span> <span class='ocrx_word' id='word_1_124' title='bbox 1197 2386 1601 2451; x_wconf 89' lang='lat' dir='ltr'><strong>Tornacum</strong></span> <span class='ocrx_word' id='word_1_125' title='bbox 1626 2378 1943 2449; x_wconf 88' lang='lat' dir='ltr'><strong>adducti.</strong></span> 
     </span>
    </p>

    <p class='ocr_par' dir='ltr' id='par_1_4' title="bbox 231 2494 2357 3637">
     <span class='ocr_line' id='line_1_18' title="bbox 319 2494 2356 2591; baseline 0 -28"><span class='ocrx_word' id='word_1_126' title='bbox 319 2496 657 2591; x_wconf 89' lang='lat' dir='ltr'><strong>Sequenti</strong></span> <span class='ocrx_word' id='word_1_127' title='bbox 688 2511 928 2566; x_wconf 91' lang='lat' dir='ltr'><strong>autem</strong></span> <span class='ocrx_word' id='word_1_128' title='bbox 952 2496 1128 2584; x_wconf 82' lang='lat' dir='ltr'><strong>die¹‚</strong></span> <span class='ocrx_word' id='word_1_129' title='bbox 1169 2522 1335 2567; x_wconf 91' lang='lat' dir='ltr'><strong>cum</strong></span> <span class='ocrx_word' id='word_1_130' title='bbox 1368 2495 1586 2567; x_wconf 89' lang='lat' dir='ltr'><strong>iidem</strong></span> <span class='ocrx_word' id='word_1_131' title='bbox 1623 2495 1874 2566; x_wconf 88' lang='lat' dir='ltr'><strong>Franci</strong></span> <span class='ocrx_word' id='word_1_132' title='bbox 1908 2494 1997 2564; x_wconf 90' lang='lat' dir='ltr'><strong>de</strong></span> <span class='ocrx_word' id='word_1_133' title='bbox 2030 2497 2084 2563; x_wconf 91' lang='lat' dir='ltr'><strong>T</strong></span> <span class='ocrx_word' id='word_1_134' title='bbox 2088 2517 2356 2564; x_wconf 91' lang='lat' dir='ltr'><strong>ornaco</strong></span> 
     </span>
     <span class='ocr_line' id='line_1_19' title="bbox 234 2609 2357 2709; baseline 0.001 -32"><span class='ocrx_word' id='word_1_135' title='bbox 234 2610 543 2680; x_wconf 67' lang='lat' dir='ltr'><strong>exiissent</strong></span> <span class='ocrx_word' id='word_1_136' title='bbox 572 2624 647 2681; x_wconf 90' lang='lat' dir='ltr'><strong>et</strong></span> <span class='ocrx_word' id='word_1_137' title='bbox 676 2609 770 2682; x_wconf 92' lang='lat' dir='ltr'><strong>ad</strong></span> <span class='ocrx_word' id='word_1_138' title='bbox 796 2612 1148 2709; x_wconf 90' lang='lat' dir='ltr'><strong>oppidum</strong></span> <span class='ocrx_word' id='word_1_139' title='bbox 1177 2616 1638 2683; x_wconf 88' lang='lat' dir='ltr'><strong>Corteracum</strong></span> <span class='ocrx_word' id='word_1_140' title='bbox 1679 2610 2169 2706; x_wconf 89' lang='lat' dir='ltr'><strong>pervenissent</strong></span> <span class='ocrx_word' id='word_1_141' title='bbox 2188 2666 2207 2701; x_wconf 88' lang='lat'><strong>,</strong></span> <span class='ocrx_word' id='word_1_142' title='bbox 2245 2611 2357 2679; x_wconf 90' lang='lat' dir='ltr'><strong>in-</strong></span> 
     </span>
     <span class='ocr_line' id='line_1_20' title="bbox 234 2728 2351 2826; baseline 0.002 -31"><span class='ocrx_word' id='word_1_143' title='bbox 234 2743 565 2799; x_wconf 83' lang='lat' dir='ltr'><strong>venerunt</strong></span> <span class='ocrx_word' id='word_1_144' title='bbox 593 2744 793 2799; x_wconf 82' lang='lat' dir='ltr'><strong>extra</strong></span> <span class='ocrx_word' id='word_1_145' title='bbox 825 2729 1174 2826; x_wconf 89' lang='lat' dir='ltr'><strong>oppidum</strong></span> <span class='ocrx_word' id='word_1_146' title='bbox 1197 2754 1490 2823; x_wconf 87' lang='lat' dir='ltr'><strong>magnas</strong></span> <span class='ocrx_word' id='word_1_147' title='bbox 1517 2730 1762 2826; x_wconf 89' lang='lat' dir='ltr'><strong>copias</strong></span> <span class='ocrx_word' id='word_1_148' title='bbox 1792 2728 2351 2823; x_wconf 89' lang='lat' dir='ltr'><strong>Flamingorum,</strong></span> 
     </span>
     <span class='ocr_line' id='line_1_21' title="bbox 233 2842 2353 2917; baseline 0.001 -6"><span class='ocrx_word' id='word_1_149' title='bbox 233 2844 456 2915; x_wconf 88' lang='lat' dir='ltr'><strong>multis</strong></span> <span class='ocrx_word' id='word_1_150' title='bbox 501 2842 835 2914; x_wconf 87' lang='lat' dir='ltr'><strong>curribus</strong></span> <span class='ocrx_word' id='word_1_151' title='bbox 897 2860 966 2915; x_wconf 93' lang='lat' dir='ltr'><strong>et</strong></span> <span class='ocrx_word' id='word_1_152' title='bbox 1031 2846 1381 2917; x_wconf 88' lang='lat' dir='ltr'><strong>machinis</strong></span> <span class='ocrx_word' id='word_1_153' title='bbox 1439 2843 1714 2915; x_wconf 86' lang='lat' dir='ltr'><strong>bellicis</strong></span> <span class='ocrx_word' id='word_1_154' title='bbox 1764 2844 2216 2914; x_wconf 85' lang='lat' dir='ltr'><strong>vallatorum.</strong></span> <span class='ocrx_word' id='word_1_155' title='bbox 2275 2849 2353 2915; x_wconf 92' lang='lat' dir='ltr'><strong>In</strong></span> 
     </span>
     <span class='ocr_line' id='line_1_22' title="bbox 233 2962 2355 3055; baseline 0.002 -26"><span class='ocrx_word' id='word_1_156' title='bbox 233 2984 400 3055; x_wconf 91' lang='lat' dir='ltr'><strong>quos</strong></span> <span class='ocrx_word' id='word_1_157' title='bbox 455 2987 626 3032; x_wconf 88' lang='lat' dir='ltr'><strong>cum</strong></span> <span class='ocrx_word' id='word_1_158' title='bbox 661 2962 1050 3052; x_wconf 87' lang='lat' dir='ltr'><strong>irruissent,</strong></span> <span class='ocrx_word' id='word_1_159' title='bbox 1109 2964 1378 3034; x_wconf 88' lang='lat' dir='ltr'><strong>nullam</strong></span> <span class='ocrx_word' id='word_1_160' title='bbox 1436 2962 1905 3033; x_wconf 88' lang='lat' dir='ltr'><strong>resistentiam</strong></span> <span class='ocrx_word' id='word_1_161' title='bbox 1956 2987 2087 3033; x_wconf 92' lang='lat' dir='ltr'><strong>nec</strong></span> <span class='ocrx_word' id='word_1_162' title='bbox 2122 2963 2355 3034; x_wconf 85' lang='lat' dir='ltr'><strong>defen-</strong></span> 
     </span>
     <span class='ocr_line' id='line_1_23' title="bbox 231 3076 2353 3175; baseline 0.003 -33"><span class='ocrx_word' id='word_1_163' title='bbox 231 3076 526 3163; x_wconf 87' lang='lat' dir='ltr'><strong>sionem,</strong></span> <span class='ocrx_word' id='word_1_164' title='bbox 576 3078 712 3148; x_wconf 90' lang='lat' dir='ltr'><strong>nisi</strong></span> <span class='ocrx_word' id='word_1_165' title='bbox 751 3077 977 3148; x_wconf 90' lang='lat' dir='ltr'><strong>solam</strong></span> <span class='ocrx_word' id='word_1_166' title='bbox 1037 3077 1309 3173; x_wconf 79' lang='lat' dir='ltr'><strong>fugam,</strong></span> <span class='ocrx_word' id='word_1_167' title='bbox 1360 3078 1578 3148; x_wconf 89' lang='lat' dir='ltr'><strong>iidem</strong></span> <span class='ocrx_word' id='word_1_168' title='bbox 1615 3078 1957 3171; x_wconf 89' lang='lat' dir='ltr'><strong>Flamingi</strong></span> <span class='ocrx_word' id='word_1_169' title='bbox 1992 3102 2353 3175; x_wconf 84' lang='lat' dir='ltr'><strong>opposue-</strong></span> 
     </span>
     <span class='ocr_line' id='line_1_24' title="bbox 233 3192 2351 3291; baseline 0.002 -31"><span class='ocrx_word' id='word_1_170' title='bbox 233 3207 403 3262; x_wconf 86' lang='lat' dir='ltr'><strong>runt.</strong></span> <span class='ocrx_word' id='word_1_171' title='bbox 446 3196 697 3290; x_wconf 90' lang='lat' dir='ltr'><strong>Itaque</strong></span> <span class='ocrx_word' id='word_1_172' title='bbox 747 3192 837 3265; x_wconf 90' lang='lat' dir='ltr'><strong>de</strong></span> <span class='ocrx_word' id='word_1_173' title='bbox 876 3194 1042 3291; x_wconf 89' lang='lat' dir='ltr'><strong>ipsis</strong></span> <span class='ocrx_word' id='word_1_174' title='bbox 1091 3194 1419 3265; x_wconf 88' lang='lat' dir='ltr'><strong>nonnulli</strong></span> <span class='ocrx_word' id='word_1_175' title='bbox 1467 3194 1855 3291; x_wconf 87' lang='lat' dir='ltr'><strong>perempti,</strong></span> <span class='ocrx_word' id='word_1_176' title='bbox 1896 3192 2134 3289; x_wconf 88' lang='lat' dir='ltr'><strong>plures</strong></span> <span class='ocrx_word' id='word_1_177' title='bbox 2182 3218 2351 3264; x_wconf 88' lang='lat' dir='ltr'><strong>vero</strong></span> 
     </span>
     <span class='ocr_line' id='line_1_25' title="bbox 231 3308 2351 3404; baseline 0.002 -30"><span class='ocrx_word' id='word_1_178' title='bbox 231 3310 400 3404; x_wconf 87' lang='lat' dir='ltr'><strong>capti</strong></span> <span class='ocrx_word' id='word_1_179' title='bbox 458 3314 869 3380; x_wconf 89' lang='lat' dir='ltr'><strong>Tornacum</strong></span> <span class='ocrx_word' id='word_1_180' title='bbox 924 3308 1211 3380; x_wconf 88' lang='lat' dir='ltr'><strong>abducti</strong></span> <span class='ocrx_word' id='word_1_181' title='bbox 1260 3324 1457 3399; x_wconf 87' lang='lat' dir='ltr'><strong>sunt,</strong></span> <span class='ocrx_word' id='word_1_182' title='bbox 1522 3310 1620 3379; x_wconf 92' lang='lat' dir='ltr'><strong>ita</strong></span> <span class='ocrx_word' id='word_1_183' title='bbox 1677 3323 1752 3377; x_wconf 87' lang='lat' dir='ltr'><strong>ut</strong></span> <span class='ocrx_word' id='word_1_184' title='bbox 1813 3308 2151 3403; x_wconf 84' lang='lat' dir='ltr'><strong>gregatim</strong></span> <span class='ocrx_word' id='word_1_185' title='bbox 2184 3325 2351 3379; x_wconf 88' lang='lat' dir='ltr'><strong>ante</strong></span> 
     </span>
     <span class='ocr_line' id='line_1_26' title="bbox 231 3426 2350 3519; baseline 0.002 -30"><span class='ocrx_word' id='word_1_186' title='bbox 231 3426 482 3519; x_wconf 82' lang='lat' dir='ltr'><strong>equites</strong></span> <span class='ocrx_word' id='word_1_187' title='bbox 515 3430 987 3516; x_wconf 89' lang='lat' dir='ltr'><strong>Francorum,</strong></span> <span class='ocrx_word' id='word_1_188' title='bbox 1010 3426 1227 3497; x_wconf 79' lang='lat' dir='ltr'><strong>veluti</strong></span> <span class='ocrx_word' id='word_1_189' title='bbox 1262 3426 1503 3496; x_wconf 78' lang='lat' dir='ltr'><strong>ovium</strong></span> <span class='ocrx_word' id='word_1_190' title='bbox 1536 3426 1645 3494; x_wconf 82' lang='lat' dir='ltr'><strong>vel</strong></span> <span class='ocrx_word' id='word_1_191' title='bbox 1676 3440 2165 3495; x_wconf 87' lang='lat' dir='ltr'><strong>armentorum</strong></span> <span class='ocrx_word' id='word_1_192' title='bbox 2197 3450 2350 3517; x_wconf 85' lang='lat' dir='ltr'><strong>gre-</strong></span> 
     </span>
     <span class='ocr_line' id='line_1_27' title="bbox 231 3539 2347 3637; baseline 0.001 -30"><span class='ocrx_word' id='word_1_193' title='bbox 231 3563 364 3631; x_wconf 86' lang='lat' dir='ltr'><strong>ges,</strong></span> <span class='ocrx_word' id='word_1_194' title='bbox 401 3556 783 3636; x_wconf 87' lang='lat' dir='ltr'><strong>agerentur</strong></span> <span class='ocrx_word' id='word_1_195' title='bbox 822 3556 1034 3637; x_wconf 88' lang='lat' dir='ltr'><strong>atque</strong></span> <span class='ocrx_word' id='word_1_196' title='bbox 1081 3543 1544 3612; x_wconf 87' lang='lat' dir='ltr'><strong>minarentur.</strong></span> <span class='ocrx_word' id='word_1_197' title='bbox 1589 3539 1804 3625; x_wconf 89' lang='lat' dir='ltr'><strong>Quod</strong></span> <span class='ocrx_word' id='word_1_198' title='bbox 1865 3542 2347 3637; x_wconf 87' lang='lat' dir='ltr'><strong>spectaculum</strong></span> 
     </span>
    </p>
   </div>
   <div class='ocr_carea' id='block_1_3' title="bbox 227 3786 2349 4403">
    <p class='ocr_par' dir='ltr' id='par_1_5' title="bbox 227 3786 2349 4143">
     <span class='ocr_line' id='line_1_28' title="bbox 299 3786 2346 3865; baseline 0 -22"><span class='ocrx_word' id='word_1_199' title='bbox 299 3791 352 3843; x_wconf 88' lang='grc'><strong>1.</strong></span> <span class='ocrx_word' id='word_1_200' title='bbox 397 3787 617 3845; x_wconf 81' lang='lat' dir='ltr'><strong>Asfaire</strong></span> <span class='ocrx_word' id='word_1_201' title='bbox 671 3786 748 3844; x_wconf 91' lang='lat' dir='ltr'><strong>du</strong></span> <span class='ocrx_word' id='word_1_202' title='bbox 813 3800 954 3864; x_wconf 88' lang='lat' dir='ltr'><strong>pont</strong></span> <span class='ocrx_word' id='word_1_203' title='bbox 1008 3788 1079 3844; x_wconf 90' lang='lat' dir='ltr'><strong>de</strong></span> <span class='ocrx_word' id='word_1_204' title='bbox 1131 3788 1306 3857; x_wconf 62' lang='lat' dir='ltr'><strong>Chim</strong></span> <span class='ocrx_word' id='word_1_205' title='bbox 1365 3790 1496 3865; x_wconf 69' lang='lat' dir='ltr'><strong>pres</strong></span> <span class='ocrx_word' id='word_1_206' title='bbox 1558 3787 1629 3843; x_wconf 87' lang='lat' dir='ltr'><strong>dc</strong></span> <span class='ocrx_word' id='word_1_207' title='bbox 1673 3790 1967 3861; x_wconf 72' lang='lat' dir='ltr'><strong>Tournay,</strong></span> <span class='ocrx_word' id='word_1_208' title='bbox 2012 3786 2064 3842; x_wconf 89' lang='lat' dir='ltr'><strong>le</strong></span> <span class='ocrx_word' id='word_1_209' title='bbox 2111 3789 2185 3844; x_wconf 71' lang='lat'><strong>28</strong></span> <span class='ocrx_word' id='word_1_210' title='bbox 2220 3787 2346 3860; x_wconf 86' lang='lat' dir='ltr'><strong>juin</strong></span> 
     </span>
     <span class='ocr_line' id='line_1_29' title="bbox 227 3878 2346 3937; baseline 0.002 -5"><span class='ocrx_word' id='word_1_211' title='bbox 227 3880 389 3936; x_wconf 60' lang='lat'><strong>1477.</strong></span> <span class='ocrx_word' id='word_1_212' title='bbox 433 3880 612 3937; x_wconf 80' lang='lat' dir='ltr'><strong>L’Art</strong></span> <span class='ocrx_word' id='word_1_213' title='bbox 654 3880 727 3937; x_wconf 87' lang='lat' dir='ltr'><strong>de</strong></span> <span class='ocrx_word' id='word_1_214' title='bbox 765 3880 995 3937; x_wconf 83' lang='lat' dir='ltr'><strong>verifier</strong></span> <span class='ocrx_word' id='word_1_215' title='bbox 1029 3881 1112 3937; x_wconf 86' lang='lat' dir='ltr'><strong>les</strong></span> <span class='ocrx_word' id='word_1_216' title='bbox 1156 3880 1314 3937; x_wconf 83' lang='lat' dir='ltr'><strong>dates</strong></span> <span class='ocrx_word' id='word_1_217' title='bbox 1359 3894 1472 3937; x_wconf 87' lang='lat' dir='ltr'><strong>met</strong></span> <span class='ocrx_word' id='word_1_218' title='bbox 1518 3884 1550 3935; x_wconf 75' lang='grc' dir='ltr'><strong>ἱι</strong></span> <span class='ocrx_word' id='word_1_219' title='bbox 1601 3892 1716 3936; x_wconf 88' lang='lat' dir='ltr'><strong>tort</strong></span> <span class='ocrx_word' id='word_1_220' title='bbox 1757 3891 1848 3934; x_wconf 89' lang='lat' dir='ltr'><strong>cet</strong></span> <span class='ocrx_word' id='word_1_221' title='bbox 1887 3878 2228 3937; x_wconf 74' lang='lat' dir='ltr'><strong>c‘vc&#39;nement</strong></span> <span class='ocrx_word' id='word_1_222' title='bbox 2273 3901 2346 3937; x_wconf 85' lang='lat' dir='ltr'><strong>au</strong></span> 
     </span>
     <span class='ocr_line' id='line_1_30' title="bbox 227 3971 2349 4051; baseline 0.002 -26"><span class='ocrx_word' id='word_1_223' title='bbox 227 3972 294 4027; x_wconf 74' lang='lat'><strong>22</strong></span> <span class='ocrx_word' id='word_1_224' title='bbox 335 3971 478 4043; x_wconf 85' lang='lat' dir='ltr'><strong>juin.</strong></span> <span class='ocrx_word' id='word_1_225' title='bbox 513 3976 678 4029; x_wconf 82' lang='lat' dir='ltr'><strong>Nous</strong></span> <span class='ocrx_word' id='word_1_226' title='bbox 710 3972 1039 4051; x_wconf 83' lang='lat' dir='ltr'><strong>corrigcons</strong></span> <span class='ocrx_word' id='word_1_227' title='bbox 1068 3974 1292 4051; x_wconf 70' lang='lat' dir='ltr'><strong>d&#39;apres</strong></span> <span class='ocrx_word' id='word_1_228' title='bbox 1321 3979 1400 4032; x_wconf 89' lang='lat' dir='ltr'><strong>M.</strong></span> <span class='ocrx_word' id='word_1_229' title='bbox 1438 3978 1775 4041; x_wconf 84' lang='lat' dir='ltr'><strong>Louandre‚</strong></span> <span class='ocrx_word' id='word_1_230' title='bbox 1810 3976 2091 4027; x_wconf 61' lang='lat' dir='ltr'><strong>Bulla-tim·</strong></span> <span class='ocrx_word' id='word_1_231' title='bbox 2124 3976 2221 4029; x_wconf 73' lang='lat' dir='ltr'><strong>des</strong></span> <span class='ocrx_word' id='word_1_232' title='bbox 2251 3996 2349 4029; x_wconf 81' lang='lat' dir='ltr'><strong>ar-</strong></span> 
     </span>
     <span class='ocr_line' id='line_1_31' title="bbox 229 4066 1703 4143; baseline 0.005 -29"><span class='ocrx_word' id='word_1_233' title='bbox 229 4070 360 4119; x_wconf 70' lang='lat' dir='ltr'><strong>me&#39;es</strong></span> <span class='ocrx_word' id='word_1_234' title='bbox 393 4068 465 4121; x_wconf 79' lang='lat' dir='ltr'><strong>de</strong></span> <span class='ocrx_word' id='word_1_235' title='bbox 501 4072 677 4123; x_wconf 80' lang='lat' dir='ltr'><strong>Lom&#39;s</strong></span> <span class='ocrx_word' id='word_1_236' title='bbox 707 4070 799 4122; x_wconf 80' lang='lat' dir='ltr'><strong>XI</strong></span> <span class='ocrx_word' id='word_1_237' title='bbox 825 4072 1054 4141; x_wconf 70' lang='lat' dir='ltr'><strong>envoye&#39;s</strong></span> <span class='ocrx_word' id='word_1_238' title='bbox 1087 4071 1123 4122; x_wconf 82' lang='grc' dir='ltr'><em>ὰ</em></span> <span class='ocrx_word' id='word_1_239' title='bbox 1151 4066 1468 4135; x_wconf 66' lang='lat' dir='ltr'><strong>Abba-ville,</strong></span> <span class='ocrx_word' id='word_1_240' title='bbox 1504 4087 1562 4143; x_wconf 91' lang='lat' dir='ltr'><strong>p.</strong></span> <span class='ocrx_word' id='word_1_241' title='bbox 1605 4068 1703 4122; x_wconf 67' lang='grc' dir='ltr'><strong>*ΞΕ-ἒ.</strong></span> 
     </span>
    </p>

    <p class='ocr_par' dir='ltr' id='par_1_6' title="bbox 231 4158 2345 4325">
     <span class='ocr_line' id='line_1_32' title="bbox 298 4158 2345 4238; baseline 0.001 -25"><span class='ocrx_word' id='word_1_242' title='bbox 298 4160 351 4216; x_wconf 73' lang='grc'><strong>2.</strong></span> <span class='ocrx_word' id='word_1_243' title='bbox 397 4162 476 4215; x_wconf 90' lang='lat' dir='ltr'><strong>Le</strong></span> <span class='ocrx_word' id='word_1_244' title='bbox 509 4158 937 4217; x_wconf 70' lang='lat' dir='ltr'><strong>surlendemzu&#39;n</strong></span> <span class='ocrx_word' id='word_1_245' title='bbox 968 4163 1042 4216; x_wconf 85' lang='lat'><strong>30</strong></span> <span class='ocrx_word' id='word_1_246' title='bbox 1064 4160 1188 4231; x_wconf 87' lang='lat' dir='ltr'><strong>juin</strong></span> <span class='ocrx_word' id='word_1_247' title='bbox 1212 4205 1227 4232; x_wconf 91' lang='lat'>‚</span> <span class='ocrx_word' id='word_1_248' title='bbox 1265 4182 1336 4218; x_wconf 83' lang='lat' dir='ltr'><strong>au</strong></span> <span class='ocrx_word' id='word_1_249' title='bbox 1369 4173 1512 4238; x_wconf 86' lang='lat' dir='ltr'><strong>pont</strong></span> <span class='ocrx_word' id='word_1_250' title='bbox 1539 4158 1889 4235; x_wconf 77' lang='lat' dir='ltr'><strong>d&#39;Espierres</strong></span> <span class='ocrx_word' id='word_1_251' title='bbox 1919 4159 2123 4217; x_wconf 74' lang='lat' dir='ltr'><strong>devant</strong></span> <span class='ocrx_word' id='word_1_252' title='bbox 2158 4166 2345 4216; x_wconf 73' lang='lat' dir='ltr'><strong>&#39;l&#39;our-</strong></span> 
     </span>
     <span class='ocr_line' id='line_1_33' title="bbox 231 4251 1899 4325; baseline 0.004 -22"><span class='ocrx_word' id='word_1_253' title='bbox 231 4270 349 4325; x_wconf 73' lang='lat' dir='ltr'><strong>nay,</strong></span> <span class='ocrx_word' id='word_1_254' title='bbox 379 4265 432 4307; x_wconf 89' lang='lat' dir='ltr'><strong>et</strong></span> <span class='ocrx_word' id='word_1_255' title='bbox 460 4271 582 4309; x_wconf 88' lang='lat' dir='ltr'><strong>non</strong></span> <span class='ocrx_word' id='word_1_256' title='bbox 613 4251 826 4309; x_wconf 70' lang='lat' dir='ltr'><strong>(levant</strong></span> <span class='ocrx_word' id='word_1_257' title='bbox 855 4255 1113 4311; x_wconf 79' lang='lat' dir='ltr'><strong>Courtrai</strong></span> <span class='ocrx_word' id='word_1_258' title='bbox 1132 4297 1147 4325; x_wconf 91' lang='lat'><strong>,</strong></span> <span class='ocrx_word' id='word_1_259' title='bbox 1179 4275 1402 4314; x_wconf 85' lang='lat' dir='ltr'><strong>comme</strong></span> <span class='ocrx_word' id='word_1_260' title='bbox 1429 4255 1482 4311; x_wconf 89' lang='lat' dir='ltr'><strong>le</strong></span> <span class='ocrx_word' id='word_1_261' title='bbox 1513 4254 1593 4311; x_wconf 92' lang='lat' dir='ltr'><strong>dit</strong></span> <span class='ocrx_word' id='word_1_262' title='bbox 1637 4253 1899 4311; x_wconf 79' lang='lat' dir='ltr'><strong>l&#39;auteur.</strong></span> 
     </span>
    </p>

    <p class='ocr_par' dir='ltr' id='par_1_7' title="bbox 417 4350 2065 4403">
     <span class='ocr_line' id='line_1_34' title="bbox 417 4350 2065 4403; baseline 0.001 -1"><span class='ocrx_word' id='word_1_263' title='bbox 417 4365 464 4403; x_wconf 86' lang='lat'><strong>11</strong></span> <span class='ocrx_word' id='word_1_264' title='bbox 2034 4350 2065 4403; x_wconf 82' lang='lat'><strong>3</strong></span> 
     </span>
    </p>
   </div>
  </div>
 </body>
</html>
