3400 5417
1085 517 1303 572 LIBER
1351 517 1652 572 PRIMUS.
2318 515 2433 569 253

321 661 514 745 perta
563 644 987 738 habebatur,
1034 646 1232 744 quod
1275 647 1392 718 vix
1442 646 1535 718 ab
1573 648 1714 719 alio
1759 647 2035 734 meliuS,
2076 669 2293 741 quam
2343 643 2436 717 ab

323 763 472 859 ipso
504 762 939 852 audivimuS,
977 761 1289 832 enarrari
1324 759 1731 858 potuisset),
1774 759 1865 832 ad
1898 759 2043 830 hoe
2081 784 2163 829 ex
2197 773 2440 830 nostra

323 878 897 973 percunctatione
933 876 1134 948 facile
1168 876 1610 964 devenimus·‚
1649 875 1851 971 quod
1881 900 1967 946 ex
2000 875 2265 969 guerris
2292 889 2439 946 tam

323 992 642 1062 civilibus
677 1016 894 1089 quam
929 990 1336 1080 hostilibus,
1376 990 1636 1087 quibus
1671 1015 1800 1089 per
1834 1014 2064 1061 annos
2100 990 2446 1087 plurimos

327 1123 465 1179 tota
527 1108 720 1201 regio
772 1122 1101 1203 quassata
1149 1123 1220 1178 et
1261 1107 1496 1178 attrita
1549 1107 1717 1197 suit,
1768 1129 2066 1199 regnum
2110 1105 2201 1176 ad
2251 1105 2445 1177 illam

327 1224 796 1295 miserandam
823 1225 1290 1294 vastationem
1327 1238 1398 1292 et
1428 1222 1932 1313 inanitionem,
1968 1236 2039 1291 et
2065 1222 2185 1317 qui
2224 1222 2447 1292 relicti

327 1354 524 1412 erant
571 1340 860 1437 populi,
912 1339 1003 1411 ad
1051 1355 1324 1410 tantam
1376 1339 1789 1435 pauperiem
1840 1337 2157 1407 devoluti
2214 1352 2440 1409 erant.

328 1459 500 1527 Nam
532 1471 610 1525 ut
642 1455 956 1525 hostium
1003 1455 1486 1526 invasionibus
1529 1455 1998 1542 resisteretur,
2038 1453 2127 1523 de
2162 1477 2448 1523 eorum-

328 1593 459 1665 que
493 1569 866 1653 manibus‚
914 1593 1090 1664 quas
1134 1571 1347 1640 armis
1389 1570 1957 1664 conquisierant,
2004 1582 2203 1638 terrae
2247 1593 2449 1639 recu-

329 1701 764 1781 perarentur,
806 1686 1277 1755 necessarium
1312 1685 1536 1755 fuerat
1562 1683 1872 1781 populos
1898 1684 2096 1776 regni
2128 1682 2279 1754 haec
2303 1682 2450 1754 duo

331 1801 732 1894 gravissima
763 1801 974 1870 simul
1021 1825 1279 1890 onera,
1317 1800 1662 1870 tributum
1718 1800 1983 1869 scilicet
2024 1815 2094 1870 et
2128 1800 2451 1870 militiam

333 1914 669 2000 tolerare3
732 1937 890 2010 quae
946 1915 1353 2008 gravissima
1403 1914 1494 1984 ad
1556 1914 2009 1985 tolerandum
2062 1914 2451 2010 aliquando

332 2031 529 2100 fuisse
562 2031 836 2127 populo
884 2034 1205 2099 Romano
1239 2030 1602 2100 Sallustius
1623 2086 1641 2119 ,
1699 2029 1959 2100 nobilis
1992 2029 2451 2123 historiogra-

334 2146 534 2242 phas,
603 2146 868 2216 scribit.
913 2152 996 2215 Et
1054 2147 1222 2243 qnia
1288 2161 1441 2215 tum
1506 2146 1743 2215 hostili
1810 2147 2241 2236 vastatione,
2302 2161 2451 2215 tum

333 2262 536 2331 etiam
571 2262 836 2331 militiae
872 2261 1070 2356 regni
1118 2260 1422 2331 mirabili
1466 2259 1932 2330 dissolutione
1968 2275 2040 2331 et
2069 2260 2453 2358 indiscipli-

336 2378 613 2447 natione
663 2378 982 2474 plurimae
1027 2377 1228 2472 regni
1267 2376 1543 2447 nobiles
1580 2376 1964 2473 provinciae
2015 2376 2299 2446 incultae
2347 2377 2454 2472 ja-

335 2490 620 2579 cebant,
663 2508 951 2589 eratque
997 2494 1305 2590 populus
1349 2492 1616 2588 ubique
1672 2491 2087 2564 mirabiliter
2123 2493 2455 2563 imminu·

337 2621 472 2699 ωε,
529 2633 791 2703 magna
838 2633 1010 2680 vero
1065 2609 1357 2700 militia,
1418 2622 1713 2705 propter
1761 2608 2078 2702 ingentes
2141 2607 2454 2678 hostium

335 2724 533 2814 vireS,
573 2749 756 2820 opus
784 2724 877 2795 ad
909 2724 1374 2794 resistendum
1405 2725 1781 2813 exstiterat,
1822 2748 2107 2793 necesse
2138 2724 2457 2819 quodam

339 2839 546 2907 modo
579 2838 807 2909 fuerat
840 2839 932 2908 ad
969 2837 1376 2908 faciendum
1412 2838 1761 2934 stipendia
1795 2836 2173 2928 militibus,
2213 2854 2292 2908 nt
2326 2841 2456 2936 ipsi

338 2953 423 3024 ad
455 2954 740 3024 debitos
789 2955 1115 3025 ordinem
1152 2969 1220 3023 et
1279 2954 1728 3049 disciplinam
1774 2979 1857 3024 ex
1908 2969 2105 3024 tanta
2152 2953 2455 3024 dissolu-

342 3069 522 3140 tione
557 3070 806 3142 reduci
838 3084 1160 3166 possent,
1199 3069 1480 3138 relictos
1504 3093 1701 3139 raros
1734 3084 1804 3138 et
1835 3070 2124 3162 exiguos
2151 3071 2460 3165 populos

340 3188 602 3280 magnis
633 3186 1098 3256 collationum
1132 3201 1202 3255 et
1228 3184 1655 3254 tributorum
1683 3183 2123 3280 ponderibus
2146 3187 2451 3254 onerari.

343 3303 421 3369 Et
456 3325 600 3371 non
645 3299 866 3370 modo
902 3325 1034 3396 pro
1078 3298 1571 3393 hujuscemodi
1605 3299 1868 3367 militiae
1914 3296 2280 3393 stipendiis
2326 3299 2460 3368 hn-

333 3415 640 3508 jusmodi
678 3440 898 3486 onera
955 3415 1383 3485 tributorum
1440 3414 1714 3510 imponi
1771 3428 1943 3482 tnnc
1989 3417 2461 3484 necessarium

344 3529 596 3622 fuerat,
637 3557 885 3601 *verum
919 3533 1132 3601 etiam
1196 3555 1328 3626 pro
1367 3530 1632 3623 ingenti
1668 3544 1734 3598 et
1797 3552 2017 3621 regno
2054 3530 2461 3620 gravissima

343 3652 763 3744 pensionum
799 3650 1280 3740 multitudine,
1323 3650 1526 3719 variis
1569 3665 1720 3718 tuin
1760 3647 2199 3744 principibus
2232 3663 2300 3718 et
2332 3649 2463 3719 do-

345 3766 542 3835 minis
570 3782 947 3854 terrarum,
984 3780 1064 3834 ut
1095 3766 1166 3833 in
1201 3765 1340 3835 fide
1375 3765 1631 3834 certius
1661 3766 2129 3833 retinerentur
2165 3790 2339 3835 neve
2371 3766 2461 3835 ad

342 3879 572 3952 hostes
594 3882 1013 3972 deficerent,
1055 3897 1203 3951 tum
1234 3881 1616 3977 capitaneis
1637 3905 1720 3950 ac
1752 3881 2097 3973 [inagistris
2121 3881 2458 3970 militum,

346 4010 488 4066 tum
522 4000 738 4069 etiam
782 3999 1018 4068 multis
1054 3999 1206 4069 aliis
1239 3998 1334 4067 ob
1384 3998 1610 4067 varias
1647 3999 2255 4093 inultilormesque
2303 4024 2467 4068 cau·

345 4137 448 4182 sas
487 4115 1059 4200 constitutarum,
1112 4115 1419 4210 populus
1467 4115 1662 4206 regni
1725 4115 2115 4208 ingentium
2171 4115 2467 4184 tributo-

349 4252 498 4299 rum
526 4211 740 4325 atque
765 4230 1209 4324 vectigalium
1237 4229 1589 4299 molestias
1612 4229 1977 4300 tole-rabat.
2015 4236 2148 4300 Pro
2175 4230 2457 4324 quibu5‚
