3400 5417
890 527 1006 586 2216
1734 527 2101 590 APOLOGIA
2132 575 2147 602 ‚

888 661 1422 760 comparatione
1455 683 1610 760 quae
1643 659 1935 734 inferius
1963 659 2267 736 dicenda
2300 675 2509 737 erunt
2530 720 2551 756 ,
2584 691 2671 738 ex
2706 663 3003 762 quibuS,

891 801 1038 848 non
1072 799 1202 875 per
1234 779 1741 874 conjecturam,
1779 775 1904 849 sed
1940 777 2149 852 certis
2174 797 2390 877 atque
2424 775 2845 854 indubitatis
2876 797 3009 854 tes-

888 894 1228 988 timoniis»,
1261 891 1457 966 nulla
1493 895 1702 994 culpa
1738 905 2004 985 nostra,
2042 893 2167 968 sed
2194 887 2327 995 pro
2362 895 2515 968 zelo
2548 895 2919 970 dumtaxat
2946 911 3009 970 et

890 1037 1133 1086 amore
1155 1013 1435 1110 justitiae
1472 1029 1682 1111 atque
1707 1013 1808 1085 rei
1830 1011 2167 1112 publicae,
2196 1015 2347 1111 ejus
2369 1015 2747 1088 incurrisse
2772 1013 3011 1088 odium

889 1145 1338 1228 compertum
1359 1123 1745 1202 habuimus
1772 1143 1842 1201 et
1869 1129 2244 1202 habemus,

1627 1432 2140 1501 CAPlTULUM
2190 1433 2275 1500 11.

1307 1619 1550 1676 Secunda
1583 1622 1719 1675 ratio
1756 1619 1899 1675 unde
1932 1621 2069 1692 regis
2096 1619 2281 1673 odium
2310 1616 2607 1676 incanduit.

993 1807 1076 1874 Et
1112 1829 1196 1875 ex
1227 1805 1339 1876 his
1376 1805 1668 1902 quidem
1702 1825 1932 1874 unum
1972 1801 2356 1874 referemus
2390 1803 2621 1896 unde,
2670 1827 2843 1877 cum
2877 1830 3017 1879 om-

895 1921 1244 2018 nipotenti
1282 1923 1434 1991 Deo
1472 1919 1771 2016 obsequi
1811 1920 2102 2015 ejusque
2142 1919 2510 2017 praeceptis
2554 1941 2641 1990 ac
2685 1920 3018 2020 benepla-

896 2035 1048 2105 citis
1098 2034 1591 2133 obtemperare
1636 2033 2120 2124 studeremus,
2160 2057 2293 2104 nec
2334 2035 2599 2128 regiam
2649 2049 3020 2134 propterea

896 2147 1366 2220 offensionem
1391 2149 1538 2219 ullo
1572 2147 1794 2218 modo
1820 2147 2243 2218 contrahere
2264 2146 2523 2218 dehere
2549 2169 3013 2245 speraremus,

898 2264 1164 2336 invisos
1198 2243 1844 2363 et⁸quodammodo
1890 2280 2250 2362 suspectos
2295 2263 2467 2355 sibi,
2507 2267 2833 2360 quamvis
2868 2268 3021 2337 satis

899 2380 1471 2452 irrationabiliter
1505 2405 1638 2450 nos
1667 2380 1888 2450 factos
1924 2379 2129 2451 fuisse
2154 2380 2655 2478 comperimus

1003 2501 1184 2568 Cum
1221 2501 1412 2568 enim
1451 2497 1706 2568 urbem
1742 2501 2124 2568 Remorum
2163 2523 2249 2568 ex
2295 2500 2575 2569 civitate
2614 2513 2896 2590 nostra,
2936 2499 3019 2570 ad

903 2615 1462 2686 interessendum
1497 2616 1668 2685 novi
1696 2615 1879 2708 regis
1912 2637 2122 2684 sacrae
2146 2615 2494 2706 unctioni,
2526 2613 3016 2712 petiissemus¹,

902 2755 1165 2825 magno
1200 2731 1520 2827 profecto
1556 2728 1909 2800 desiderio
1949 2727 2350 2800 ferebamur
2387 2746 2458 2801 et
2488 2753 2724 2826 regem
2753 2753 3022 2802 novum

904 2867 1286 2940 agnoscere
1330 2861 1398 2915 et
1439 2845 1720 2932 videre,
1768 2845 1891 2940 qui
1937 2844 2123 2914 fama
2176 2845 2677 2916 tantummodo
2737 2863 3023 2942 perante

907 2960 1114 3029 nobis
1172 2974 1380 3029 nolus
1431 2961 1821 3049 exstiterat,
1862 2975 1932 3029 et
1977 2971 2245 3031 tentare
2281 2962 2335 3030 si
2383 2959 2553 3056 quid
2592 2961 2785 3059 apud
2828 2988 3022 3035 suam

905 3077 1374 3172 majestatem,
1409 3090 1554 3145 tam
1591 3100 1724 3173 pro
1764 3076 1977 3146 totius
2020 3077 2218 3171 regni
2269 3099 2487 3172 quarn
2540 3093 2798 3150 nostrae
2827 3081 3025 3150 mise-

905 3192 1142 3262 randae
1173 3192 1555 3288 provincia*
1599 3190 1888 3287 publica
1934 3192 2232 3262 utilitate
2282 3194 2392 3264 vel
2446 3196 2823 3292 impetrare
2846 3250 2865 3286 ,
2920 3195 3019 3264 vel

907 3333 1275 3404 suggerere
1326 3322 1447 3378 aut
1497 3305 1794 3377 suadere
1844 3329 2235 3403 possemus,
2300 3311 2477 3379 Nam
2535 3331 2700 3380 cum
2760 3312 3022 3380 noviter

911 3439 1108 3495 tanto
1144 3449 1308 3494 cum
1344 3423 1666 3494 omnium
1702 3446 1989 3492 assensu
2038 3447 2122 3493 ac
2170 3423 2444 3517 favore,
2491 3425 3023 3521 quodammodo

909 3567 992 3608 ex
1028 3542 1331 3636 profugo
1367 3555 1432 3609 et
1467 3539 1730 3625 exsule,
1762 3553 1941 3609 esset
1973 3554 2254 3609 evectus
2289 3541 2359 3608 in
2400 3565 2723 3636 regnum,
2770 3542 3025 3612 suisset-

910 3681 1048 3751 que
1086 3681 1213 3752 per
1243 3680 1470 3726 annos
1499 3655 1738 3751 plures
1769 3654 1840 3720 in
1882 3653 2127 3724 illustri
2166 3655 2385 3724 domo
2422 3680 2507 3726 ac
2540 3657 2739 3727 terris
2774 3657 3023 3728 floren-

910 3772 1188 3840 tissimis
1233 3772 1445 3841 felicis
1507 3769 2017 3840 recordationis
2070 3769 2405 3867 Philippi,
2464 3772 2664 3844 ducis
2722 3776 3024 3867 Burgun-

910 3887 1243 3978 dionum,
1285 3885 1592 3982 quadam
1641 3886 1832 3954 velut
1877 3886 1949 3954 in
1997 3885 2243 3957 schola
2281 3902 2351 3956 et
2382 3886 2759 3984 disciplina
2792 3888 3023 3959 mode-

914 4009 1146 4079 randae
1193 4008 1290 4077 rei
1332 4006 1630 4104 publica»
1680 4007 2148 4102 omniumque
2196 4006 2646 4078 heroicarum
2701 4009 3023 4079 virtutum

997 4263 1047 4316 1.
1097 4260 1240 4314 Amin
1292 4259 1432 4314 ilissi
1454 4299 1466 4312 .
