3400 5417
1481 23 1591 142 ff

917 466 944 521 1
958 464 1035 522 84
1463 459 1980 519 nlsromARUM
2014 457 2371 516 LUDOVICI
2408 459 2499 515 XI

917 621 1080 667 rum
1104 594 1431 689 judicum
1480 606 1603 664 aut
1637 590 2057 687 quorumvis
2099 590 2404 660 aliorum
2456 613 2529 661 se
2576 586 2666 657 de
2713 586 3041 683 hujusce-

916 711 1118 784 modi
1168 711 1468 806 negotiis
1525 709 2087 779 intromitteret¹.
2147 706 2354 778 Unde
2402 705 2539 777 illis
2590 703 3044 802 iniquissimis

916 827 1418 900 commissariis
1465 849 1677 896 ausus
1724 821 2197 914 increscebat,
2253 845 2741 920 quascumque
2789 819 3047 890 voluis-

915 959 1106 1033 sent,
1183 942 1475 1037 injurias
1554 955 1625 1011 et
1707 940 1993 1036 rapinas
2069 936 2628 1036 provincialibus
2707 933 3047 1006 audenter

918 1057 1295 1131 inferendi.

1017 1178 1179 1245 Haec
1238 1187 1390 1244 erat
1439 1171 1752 1266 magistri
1813 1171 1887 1241 in
1950 1194 2298 1268 pauperes
2346 1170 2702 1270 supplices
2742 1170 3045 1266 justitia,

919 1315 1138 1389 quam
1166 1312 1295 1387 per
1333 1287 1552 1359 hosce
1600 1286 1795 1358 velut
1838 1286 2129 1358 rabidos
2164 1311 2375 1358 canes
2416 1286 2568 1358 fieri
2602 1286 2934 1383 jubebat.
2974 1291 3051 1357 Et

921 1408 1070 1477 haec
1128 1403 1421 1502 quidem
1472 1402 1816 1497 generalis
1867 1403 2272 1474 reformatio
2320 1400 2613 1498 gabellae
2663 1403 2825 1474 salis
2876 1401 3053 1493 facta

924 1522 1090 1613 ffiit,
1151 1545 1238 1590 eo
1288 1518 1622 1615 jubente,
1668 1543 1799 1616 per
1839 1517 2022 1589 duos
2069 1534 2192 1589 aut
2227 1534 2367 1588 tres
2412 1541 2643 1589 annos
2692 1517 3055 1588 dumtaxat

923 1652 1306 1733 antequam
1361 1637 1510 1732 ipse
1562 1649 1996 1727 moreretur,
2062 1660 2229 1705 cum
2284 1658 2431 1705 una
2486 1633 2796 1732 populus
2848 1633 3055 1704 totius

926 1755 1124 1849 regni
1146 1808 1164 1844 ,
1203 1777 1337 1851 pro
1365 1753 1732 1824 immensis
1767 1755 2228 1824 collectarum
2262 1750 2602 1822 oneribus
2629 1777 2672 1822 a
2708 1775 2782 1822 se
2817 1753 3060 1848 impo—

927 1870 1108 1962 sitis,
1175 1868 1400 1960 fame,
1455 1869 1619 1940 tabe
1676 1869 2029 1963 variisque
2075 1867 2347 1939 morbis
2385 1865 2655 1964 ubique
2699 1866 3058 1937 miserabi-

929 1987 1087 2055 liter
1120 1985 1459 2055 interiret.

1030 2102 1170 2172 Sed
1193 2101 1379 2171 dicet
1407 2101 1644 2170 forsan
1680 2102 1934 2195 aliquis
1971 2101 2171 2197 quod
2220 2100 2313 2172 ad
2351 2100 2733 2171 tutandum
2766 2123 3059 2194 regnum

935 2232 1003 2287 et
1055 2220 1249 2311 regni
1297 2217 1554 2287 l'nnites
1606 2241 1891 2289 necesse
1940 2216 2074 2288 sibi
2122 2232 2273 2288 erat
2324 2219 2647 2289 militiam
2702 2217 3063 2314 copiosam

936 2349 1212 2423 tenere,
1274 2332 1536 2430 quibus
1578 2348 1653 2402 ut
1700 2333 2051 2430 stipendia
2088 2334 2376 2422 fierent,
2420 2333 2811 2432 oportebat
2842 2357 3067 2429 popu-

938 2449 1087 2518 lum
1150 2451 1344 2543 regni
1413 2463 1519 2518 tot
1586 2451 1939 2545 tantisque
2002 2450 2461 2521 collectarum
2512 2465 2582 2521 et
2640 2449 3064 2520 tributorum

941 2565 1443 2636 collationibus
1489 2567 1809 2658 onerari,
1859 2581 1928 2636 et
1972 2592 2101 2663 per
2127 2568 2268 2638 hoc
2296 2591 2533 2661 regem
2558 2569 2791 2664 ipsum
2818 2566 3068 2635 merito

944 2680 1203 2752 debere
1237 2683 1579 2752 excusari.
1622 2681 1947 2752 Habebat
1972 2684 2163 2753 enim
2193 2683 2451 2754 ducem
2486 2683 2771 2752 Austriae
2794 2682 3072 2751 hostem

945 2813 1308 2892 potentem
1367 2821 1671 2892 suasque
1733 2812 1951 2870 terras
2010 2799 2501 2871 Flandriarum
2553 2799 2801 2868 divites
2867 2813 3071 2894 atque

947 2914 1379 3009 populosas3
1453 2926 1789 3008 praeterea
1856 2915 2239 3009 Anglorum
2320 2939 2559 3010 regem
2638 2937 3073 3009 regnumque

953 3028 1167 3122 ipsius
1211 3027 1762 3098 infensissimum
1799 3045 2011 3126 atque
2062 3031 2735 3127 periculosissimum
2768 3031 3065 3100 hostem.

1033 3265 1058 3315 1
1077 3304 1090 3317 .
1140 3263 1330 3318 L’acte
1361 3261 1432 3318 de
1467 3273 1615 3317 cette
1643 3262 1894 3319 resorme
1919 3267 2063 3320 n’est
2093 3282 2194 3339 pas
2223 3262 2366 3319 dans
2394 3261 2449 3318 le
2468 3261 2699 3319 Recueil
2730 3260 2831 3317 des
2854 3261 3073 3318 Ordon-

951 3372 1185 3410 nanccs.
1224 3357 1313 3411 On
1343 3375 1377 3430 y
1403 3367 1607 3411 trouve
1636 3355 1956 3412 seulement
1980 3376 2059 3413 un
2093 3355 2210 3412 e'dit
2240 3353 2317 3412 du
2353 3357 2429 3410 ⁰20
2460 3374 2613 3411 mars
2645 3356 2797 3410 1479
2824 3354 2932 3429 qui
2957 3371 3076 3409 con-

954 3447 1110 3504 tinue
1163 3468 1310 3524 pour·
1345 3447 1430 3503 six
1481 3468 1581 3504 ans
1613 3468 1727 3504 une
1767 3469 1903 3505 crue
1942 3449 2013 3506 de
2046 3461 2326 3524 quarante
2365 3468 2499 3504 sous
2532 3466 2636 3523 par
2667 3445 2825 3502 muid
2868 3445 2945 3502 de
2984 3444 3077 3512 sel,

954 3538 1163 3596 etablie
1193 3540 1320 3612 dcja
1354 3540 1556 3616 depuis
1588 3542 1674 3596 six
1707 3561 1809 3598 ans
1842 3561 1940 3598 sur
1969 3543 2050 3598 les
2078 3542 2333 3619 greniers
2363 3543 2392 3595 Ξι
2420 3539 2497 3595 sel
2530 3539 2602 3596 de
2632 3538 2771 3614 deca
2800 3539 2854 3594 la
2882 3537 3081 3594 rix‘icre

957 3632 1028 3688 ‹le
1058 3633 1227 3688 Seine
1249 3679 1263 3702 ,
1299 3633 1350 3689 le
1382 3653 1522 3709 pays
1555 3634 1625 3691 de.
1655 3634 2005 3691 Not-mandie
2034 3635 2294 3711 excepte,
2334 3633 2378 3688 Il
2410 3653 2445 3708 y
2472 3652 2505 3688 a
2536 3652 2747 3689 encore
2773 3651 2853 3687 un
2876 3631 3077 3688 affran-

956 3726 1302 3782 clnissement
1327 3727 1571 3783 accord(³
1603 3727 1655 3784 le
1687 3733 1721 3781 Ξὶ
1754 3727 2070 3784 novembre
2102 3730 2256 3783 1483
2288 3747 2390 3802 par
2418 3725 2650 3782 Charles
2680 3729 2813 3782 VIII
2848 3744 2962 3780 aux
2990 3724 3077 3779 ha-

959 3819 1170 3876 bitants
1209 3820 1286 3873 ‹lu
1329 3819 1514 3876 ducive
1547 3821 1618 3876 de
1648 3825 1991 3897 B0111·g‹1gne
2023 3833 2079 3878 et
2113 3820 2187 3876 du
2229 3820 2415 3874 coniti·
2449 3819 2519 3875 de
2554 3818 2849 3876 Charolais
2887 3842 2913 3869 α
2954 3836 3081 3894 pour

956 3933 1022 3968 ve
1051 3933 1164 3987 que
1208 3911 1325 3967 l'on
1367 3913 1521 3969 avoit
1569 3915 1670 3970 mis.
1710 3914 1961 3971 certaine
1992 3934 2233 3971 acci-ene
2262 3933 2361 3970 sur
2391 3912 2443 3969 le
2482 3912 2563 3969 sel
2596 3913 2695 3989 qui
2728 3931 2788 3968 se
2818 3909 3084 3967 distribue

957 4005 1133 4061 esditz
1173 4026 1344 4082 pays,
1380 4026 1452 4062 au
1492 4009 1727 4084 proullit
1767 4008 2097 4086 particulier
2138 4007 2237 4064 des
2281 4006 2585 4063 marchans
2628 4005 2978 4064 sournissans
3014 4003 3082 4058 les

958 4099 1215 4176 grenlers
1251 4105 1280 4155 Ξι
1315 4101 1416 4159 sel,
1462 4127 1484 4150 n
1529 4101 1761 4160 Boethi!
1786 4107 1882 4156 des
1930 4105 2205 4172 ΗνκίυηηἼ
2250 4115 2293 4158 t.
2346 4103 2475 4156 XVI
2500 4143 2513 4164 ,
2564 4120 2621 4174 p.
2668 4102 2780 4156 437
2817 4111 2875 4154 (²1
2908 4099 3078 4154 XIX·

957 4211 1017 4264 p.
1072 4193 1209 4252 166.
