3400 5417
881 536 955 592 60
1428 535 1940 593 HISTORIARUM
1981 534 2335 593 LUDOVICI
2377 536 2464 592 xl

881 668 1010 738 fuit
1031 724 1050 759 ,
1082 683 1153 739 et
1180 692 1361 738 saeva
1389 691 1605 764 supra
1638 668 1952 739 solitum.
2001 670 2182 739 visae
2221 682 2387 738 sunt
2431 668 2696 767 pluries
2739 669 3008 741 hiemes

878 784 1087 855 fuisse
1133 782 1362 853 multo
1414 782 1775 879 longiores
1816 802 1886 857 et
1926 786 2086 883 plus
2134 786 2436 878 nivosae3
2480 785 2604 858 sed
2645 810 2690 859 a
2722 788 3006 858 nemine

875 914 1047 970 tunc
1100 899 1491 969 viventium
1549 899 1864 994 aliquam
1916 923 2083 971 cum
2149 913 2347 971 tanto
2411 899 2573 995 gelu
2633 902 3010 999 asperitate

878 1028 1091 1109 atque
1125 1013 1383 1085 saevitia
1420 1014 1643 1085 visam
1671 1014 2062 1110 aliquando
2095 1014 2306 1086 fuisse
2331 1070 2350 1106 ,
2388 1015 2603 1109 vulgo
2645 1040 2689 1087 a
2736 1018 3008 1087 cunctis

878 1128 1256 1200 ferebatur.
1320 1130 1554 1200 Prima
1604 1130 1791 1202 illius
1834 1154 1998 1227 pars
2020 1186 2042 1222 ‚
2081 1130 2455 1229 paululum
2507 1132 2746 1202 minus
2787 1157 3000 1221 saeva,

877 1245 1270 1315 natalitium
1305 1246 1688 1317 Salvatoris
1720 1248 2071 1344 praecessit
2102 1247 2294 1318 diem
2323 1277 2344 1339 3
2378 1248 2693 1319 secunda
2709 1268 2924 1335 vern,
2963 1273 3005 1319 a

875 1361 1114 1431 medio
1136 1361 1442 1456 januarii
1466 1386 1689 1457 usque
1716 1386 1943 1460 prope
1969 1362 2288 1433 medium
2317 1361 2684 1434 februarii¹
2710 1363 3002 1449 durans,

874 1477 1267 1547 recidivum
1311 1478 1472 1571 gelu
1503 1491 1715 1573 atque
1755 1479 2214 1572 rigidissimos
2241 1478 2515 1573 algores
2545 1492 2616 1551 et
2644 1477 3008 1577 prioribus

876 1593 1101 1663 multo
1134 1593 1459 1664 saeviores
1492 1596 1902 1691 reportavit.
1952 1598 2280 1682 Quorum
2317 1594 2775 1666 mortificatio
2826 1596 3008 1667 adeo

873 1722 1135 1779 terram
1170 1708 1449 1799 afflixit,
1510 1723 1589 1780 ut
1619 1712 1834 1781 etiam
1894 1735 2226 1807 proceres
2277 1709 2572 1781 arbores
2616 1725 2688 1781 et
2735 1735 3012 1782 annosa

877 1824 1175 1913 robora,
1227 1824 1490 1922 quibus
1535 1828 1926 1897 anteriores
1959 1826 2230 1898 hiemes
2286 1824 2582 1897 minime
2630 1827 3011 1923 praevalere

875 1956 1291 2037 potuerant,
1330 1941 1673 2039 plurimas
1708 1943 2195 2012 exstinxerunt·
2220 1955 2292 2013 et
2326 1942 2559 2014 aridas
2589 1941 3004 2013 effecerunt.

873 2057 1354 2151 Congelarunt
1416 2060 1628 2129 etiam
1685 2059 2056 2128 vinearum
2107 2057 2431 2154 palmites
2458 2115 2478 2151 ‚
2528 2072 2597 2129 et
2635 2058 3011 2155 plerasque

876 2173 1210 2244 radicitus
1234 2198 1549 2245 arescere
1588 2174 1908 2244 fecerunt
1943 2174 2014 2243 in
2052 2173 2292 2243 multis
2323 2172 2716 2243 Galliarum
2749 2187 2823 2243 et
2843 2176 3014 2244 Ger·

874 2290 1123 2361 maniae
1170 2290 1592 2387 provinciis3
1659 2288 1758 2359 ob
1807 2312 2025 2385 quam
2065 2313 2398 2380 causam,
2449 2312 2576 2388 per
2631 2288 3012 2360 biennium

873 2420 1035 2501 post
1057 2461 1074 2494 ‚
1117 2408 1364 2476 raritas
1397 2420 1467 2476 et
1500 2406 1782 2476 caristia
1816 2406 2150 2474 vinorum
2196 2428 2412 2500 supra
2443 2405 2732 2476 solitum
2765 2428 3012 2476 conse-

872 2536 1050 2592 cutae
1082 2536 1247 2592 sunt
1274 2524 1317 2587 ².

966 2640 1142 2708 Tota
1208 2651 1447 2707 autem
1503 2635 1622 2704 illa
1692 2635 1923 2705 hieme
1994 2636 2453 2727 decurrente,
2508 2635 2685 2706 nihil
2746 2636 3011 2732 scriptu

874 2753 1171 2847 dignum
1220 2752 1402 2821 inter
1448 2775 1687 2844 regem
1725 2766 1793 2821 et
1843 2749 2333 2821 Flandriarum
2371 2766 2593 2822 terras
2643 2751 3014 2822 actitatum

872 2883 998 2939 est.
1042 2869 1247 2939 Circa
1274 2890 1446 2937 vero
1483 2882 1764 2962 tempus
1805 2868 2127 2954 vernale,
2175 2881 2422 2961 treuga
2456 2867 2784 2938 annualis
2831 2869 3017 2938 inter

872 2998 1109 3079 partes
1157 2998 1365 3081 pacta
1424 2996 1495 3054 et
1544 2996 1881 3072 tractata,
1939 3008 1982 3054 a
2039 2982 2359 3053 kalendis
2416 2984 2586 3054 maii
2633 3008 2858 3080 usque
2922 2985 3015 3056 ad

878 3099 1197 3169 ultimam
1234 3098 1426 3169 diem
1462 3098 1735 3193 aprili5‚
1778 3100 2067 3167 evoluto
2107 3121 2339 3189 amm,
2382 3098 2722 3169 duratura
2755 3127 2771 3166 ε
2817 3099 3018 3172 nulla

878 3228 1112 3285 tamen
1144 3214 1744 3285 commerciorum
1779 3212 2102 3283 libertate
2139 3214 2310 3283 hinc
2348 3214 2514 3284 inde
2544 3216 3009 3306 commissa'3

874 3331 998 3403 sed
1065 3331 1156 3403 ab
1221 3355 1587 3403 armorum
1648 3328 2147 3399 tantummodo
2216 3331 2547 3400 exercitio
2604 3329 3014 3401 abstentum

961 3624 1010 3675 1.
1065 3624 1242 3679 1480.

954 3718 1009 3769 2.
1060 3717 1370 3789 Comparer
1397 3714 1449 3769 la
1480 3713 1826 3789 description
1866 3713 1942 3769 du
1988 3716 2170 3769 [nenne
2215 3713 2378 3771 hiven-
2416 3733 2516 3789 par
2556 3714 2812 3781 Molinet,
2845 3726 2888 3769 t.
2921 3719 3010 3786 11,

872 3808 964 3864 ch.
1002 3828 1172 3866 cxxx,

958 3905 1009 3957 3.
1062 3902 1247 3957 Plutot
1306 3922 1580 3956 concessa.
1653 3901 1889 3956 D'autre
1949 3912 2073 3976 part
2129 3900 2374 3957 l'auteur
2429 3899 2683 3956 confond
2739 3900 2792 3955 la
2851 3904 3015 3957 treve

876 3995 944 4050 de
979 3998 1135 4052 1480
1162 4014 1301 4052 avec
1338 3997 1480 4053 celle
1523 3996 1592 4053 de
1634 3996 1858 4052 l’anncc
1895 3994 2175 4052 suivantc.
2214 3999 2294 4051 La
2329 3995 2486 4052 treve
2516 3994 2586 4050 de
2619 3996 2773 4053 1480
2797 4037 2810 4063 ,
2851 3996 3014 4051 selon

875 4089 927 4144 la
956 4089 1283 4165 Chronique
1314 4091 1716 4156 scandalcuse,
1753 4092 1835 4145 sut
1867 4089 2057 4165 §ignee
2085 4108 2159 4145 au
2187 4089 2329 4145 mois
2375 4088 2571 4145 d'aotit
2622 4115 2646 4138 u
2690 4107 2838 4162 pour
2888 4102 3012 4164 sept

881 4184 1051 4250 ηιοίε,
1092 4183 1234 4238 dont
1275 4184 1353 4239 les
1397 4185 1533 4240 trois
1577 4183 1850 4259 premiers
1881 4182 2146 4238 devoient
2188 4186 2305 4237 ‹Fu-e
2352 4182 2715 4243 marchands,
2759 4181 2841 4235 les
2874 4182 3012 4244 trois

876 4290 1063 4332 autre-,s
1104 4276 1491 4333 d'abstincnce
1528 4277 1597 4332 de
1629 4297 1864 4351 guerre,
1899 4289 1948 4331 et
1982 4275 2032 4329 le
2060 4275 2360 4351 septiesme
2390 4275 2460 4331 de
2488 4274 2865 4349 represailleS.
2901 4298 2920 4316 ⁸·
