3400 5417
914 478 1030 533 336
1757 474 2142 531 Ammon
2161 516 2178 545 ,

912 633 1101 697 care,
1128 622 1382 679 contra
1408 606 1640 701 legem
1671 630 1843 676 eum
1871 605 2047 677 caedi
2074 603 2402 701 jubebat,
2429 630 2793 678 summum
2823 630 3051 679 sacer·

912 726 1157 795 dotem
1187 739 1255 794 et
1291 723 1541 821 populi
1573 722 1971 820 principem
2021 719 2408 814 nesciebat,
2445 746 2615 794 cum
2647 722 2790 795 hoc
2817 738 3053 818 ageret

912 866 1060 913 non
1094 865 1181 912 ex
1216 841 1532 936 legitimo
1568 838 1822 911 ordine
1859 854 2165 936 acceptae
2197 842 2591 938 potestatis,
2623 840 2746 914 sed
2777 866 2905 913 sua
2934 867 3054 913 ne-

909 959 1143 1053 quiter
1177 971 1248 1027 et
1274 954 1855 1028 irrationabiliter
1891 953 2156 1027 abusus
2186 970 2538 1053 potestate
2581 984 2598 1028 z
2639 981 3052 1055 quanquam

910 1076 1150 1162 etiam,
1206 1098 1293 1143 eo
1337 1072 1537 1169 quod
1570 1072 1876 1167 dignitas
1919 1072 2164 1167 legalis
2205 1072 2582 1147 sacerdotii
2628 1098 2762 1172 per
2795 1074 3052 1147 Christi

909 1189 1389 1261 sacerdotium
1409 1197 1562 1287 jam
1593 1202 1930 1260 cessasset
1953 1203 2024 1260 et
2046 1203 2389 1261 evacuata
2406 1204 2618 1281 esset,
2655 1204 2851 1261 recte
2873 1190 3057 1261 dixe-

906 1306 997 1377 rit
1048 1308 1375 1379 nesciisse
1408 1330 1576 1376 eum
1616 1330 1983 1377 summum
2033 1304 2505 1379 sacerdotem.
2559 1309 2775 1377 Hunc
2813 1321 3056 1379 autem

907 1423 1343 1494 intellectum
1378 1421 1713 1494 habuisse
1747 1420 2164 1519 Apostolum
2197 1420 2398 1517 quod
2429 1435 2602 1493 tunc
2629 1422 2946 1520 principi
2973 1424 3058 1495 sit

905 1539 1333 1637 parendum,
1373 1562 1539 1608 cum
1586 1550 1878 1634 accepta
1924 1560 1968 1607 a
2018 1541 2173 1609 Deo
2207 1536 2518 1632 legitime
2566 1536 2792 1609 utitur
2819 1552 3056 1636 potes·

908 1670 1076 1748 tate,
1114 1656 1309 1725 idem
1322 1654 1743 1752 Apostolus,
1778 1653 1852 1724 in
1879 1650 2073 1725 dicto
2109 1653 2424 1752 capitulo
2452 1653 2768 1752 epistolae
2799 1680 2946 1727 suae
2965 1655 3057 1728 ad

907 1773 1271 1842 Romanos
1293 1826 1313 1863 ,
1369 1770 1535 1841 satis
1573 1768 1853 1866 liquido
1900 1767 2237 1841 ostendit.
2293 1772 2477 1841 Cum
2523 1771 2722 1841 enim
2769 1770 3058 1844 dixisset

906 1887 1131 1984 quod,
1172 1888 1293 1983 qui
1340 1886 1671 1984 potestati
1720 1886 2089 1978 resistunt,
2145 1886 2278 1985 ipfai
2331 1884 2468 1958 sibi
2513 1883 3059 1960 damnationem

905 2004 1310 2100 acquirunt,
1360 2002 1627 2092 statim,
1675 2000 1848 2072 dicti
1886 2001 1996 2071 sui
2026 2001 2335 2072 reddens·
2375 2001 2760 2095 rationem,
2807 2002 3060 2099 adjun-

910 2121 1059 2215 git:
1110 2149 1145 2185 «
1188 2122 1372 2190 Nam
1415 2117 1778 2215 principes
1835 2141 1985 2188 non
2038 2132 2207 2189 sunt
2259 2118 2498 2188 timori
2541 2116 2720 2190 boni
2777 2121 3053 2217 operiS‚

907 2235 1031 2306 sed
1070 2234 1265 2305 mali.
1321 2234 1441 2305 vis
1476 2247 1717 2304 autem
1763 2257 1914 2303 non
1963 2234 2216 2305 timere
2257 2235 2735 2331 potestatem?
2775 2240 3058 2308 Bonum

910 2352 1018 2423 fac
1060 2368 1130 2423 et
1170 2350 1474 2423 habebis
1512 2350 1804 2422 laudem
1851 2375 1936 2420 ex
1969 2349 2127 2440 illa3
2169 2350 2301 2421 Dei
2351 2351 2545 2421 enim
2579 2351 2906 2423 minister
2953 2368 3060 2425 est

907 2468 1037 2539 tibi
1062 2470 1134 2538 in
1164 2469 1470 2539 bonum.
1506 2469 1576 2537 Si
1613 2481 1854 2538 autem
1890 2464 2075 2537 male
2109 2465 2384 2557 seceris,
2410 2467 2616 2553 time3
2657 2496 2692 2531 »
2717 2481 2790 2537 et
2807 2482 3059 2539 troetera

908 2609 1065 2680 quae
1102 2598 1523 2679 sequuntur,
1562 2608 1644 2652 ex
1682 2580 1944 2677 quibus
1977 2581 2347 2652 manifeste
2383 2580 2694 2651 ostendit
2727 2595 2905 2652 tunc
2932 2607 3058 2680 po·

910 2700 1274 2773 testatibus
1320 2718 1391 2772 et
1438 2697 1883 2797 principibus
1930 2696 2332 2795 parendum
2387 2713 2460 2769 et
2503 2712 2676 2769 tunc
2729 2722 2858 2771 eos
2907 2726 3057 2773 esse

908 2818 1302 2907 timend05‚
1376 2841 1541 2886 cum
1617 2828 1910 2911 accepta
1989 2826 2335 2910 potestate
2403 2837 2446 2884 a
2512 2816 2667 2884 Deo
2742 2814 3057 2909 legitime

912 2949 1206 3006 utuntur
1247 2948 1315 3003 et
1357 2933 1602 3003 debito
1646 2932 1900 3003 ordine
1943 2931 2250 3026 justitiae,
2301 2930 2570 3001 scilicet
2617 2931 2711 3002 ad
2757 2932 3056 3005 tutelam

909 3068 979 3122 et
1010 3052 1499 3122 defensionem
1532 3049 1926 3119 insontium
1961 3061 2030 3116 et
2060 3044 2462 3137 bonorum,
2500 3046 2623 3141 qui
2668 3045 2852 3116 nihil
2887 3044 3052 3118 mali

910 3181 1229 3263 egerunt,
1269 3181 1338 3237 et
1365 3165 1818 3263 punitionem
1858 3176 2070 3256 atque
2109 3161 2616 3232 coercitionem
2659 3162 3048 3252 malorum,

911 3285 983 3354 in
1017 3308 1197 3380 quos
1229 3297 1530 3379 acceptae
1558 3278 1925 3377 potestatis
1961 3276 2275 3371 gladium
2299 3300 2616 3348 exserere
2650 3276 2946 3348 debent.

1597 3600 2108 3672 CAPITULUM
2169 3600 2384 3667 XXV.

1028 3794 1091 3843 In
1114 3810 1221 3862 quo
1250 3800 1524 3861 ponuntur
1548 3800 1600 3840 et
1622 3787 1736 3839 aliae
1761 3784 2108 3856 objectiones,
2133 3782 2203 3836 ad
2225 3801 2354 3853 quas
2371 3783 2524 3835 etiam
2551 3782 2930 3855 respondetur.

1013 3972 1149 4043 Sed
1211 3971 1447 4042 adhuc
1510 3969 1798 4065 objiciet
1852 3966 2107 4061 aliquis
2166 3964 2362 4059 quod
2418 3964 2715 4035 minime
2772 3965 3052 4037 licuerit

918 4088 1123 4159 nobis
1171 4087 1617 4184 corporalem
1667 4082 2111 4182 praesentiam
2158 4081 2383 4175 gregis
2423 4079 2634 4152 nobis
2685 4082 3046 4152 commissi

916 4200 1335 4294 relinquere,
1376 4210 1715 4293 praetextu
1748 4195 1960 4265 etiam
1996 4194 2505 4287 cujuscumque
2531 4193 3048 4289 persecutionis
