3400 5417
64 1571 66 1576 -
63 1511 72 1556 v—
63 1237 74 1498 Ἶ-’ν-<<“-*-
64 1105 71 1226 ν’·’-·-
63 917 82 1088 νν-νῂι
64 773 68 902 *qv—v

922 499 1038 556 302
1778 494 2161 555 nomeu
2176 537 2195 566 ,

1605 763 1924 832 CAPlTU
1934 762 2121 831 [ΠΜ
2178 763 2364 834 xvl.

917 953 998 1005 De
1023 949 1162 1006 dolis
1184 963 1236 1004 et
1255 949 1456 1022 laqueis
1477 949 1634 1002 nohis
1663 948 2027 1020 multipliciter
2056 948 2355 1015 intentatis,
2390 967 2527 1021 qnos
2562 947 2855 1022 effugiendi
2892 949 3053 1022 gratia

1643 1035 1701 1087 in
1727 1032 2049 1089 Sahaudiam
2072 1035 2335 1091 venimus.

1015 1218 1501 1292 Cei-tissimum
1533 1218 1731 1292 enim
1760 1232 1833 1292 et
1861 1217 2419 1295 luculentissime
2451 1232 2909 1316 compertum
2936 1219 3056 1292 ha-

916 1335 1206 1411 buimus
1253 1334 1345 1408 ab
1391 1335 1656 1430 iniquis
1705 1349 1777 1406 et
1825 1335 2181 1406 sceleratis
2220 1333 2668 1425 hominibuS,
2718 1335 2847 1431 qui
2894 1360 3055 1431 erga

915 1478 1155 1548 regem
1205 1468 1359 1526 tum
1409 1452 1763 1524 creditum
1812 1450 2183 1523 habebant
2226 1464 2297 1522 et
2348 1450 2627 1524 favores
2672 1452 3049 1544 maximos,

915 1592 1168 1640 omnes
1205 1569 1387 1639 vires
1414 1582 1486 1638 et
1529 1580 1829 1664 conatus
1864 1564 2184 1662 impendi
2220 1563 2330 1660 (ut
2372 1590 2524 1639 non
2564 1564 2882 1645 deterius
2912 1593 3055 1644 sus·

913 1683 1264 1781 picemur)
1305 1707 1454 1778 quo
1484 1707 1616 1754 nos
1641 1684 1717 1752 in
1755 1683 1892 1756 illis
1924 1680 2173 1758 calidis
2206 1681 2620 1776 regionibus
2650 1683 2764 1754 vel
2800 1683 3052 1756 intole-

911 1799 1246 1872 rabilium
1277 1797 1488 1870 nobis
1549 1798 1874 1870 calorum
1920 1798 2506 1894 intemperantia,
2562 1799 2675 1870 vel
2718 1797 3053 1872 laborum

913 1913 1320 2008 fatigatione
1352 1939 1477 1986 seu
1510 1913 1652 1986 alio
1684 1913 1944 2009 quovis
1978 1912 2201 1985 modo
2246 1911 2686 1987 conficerent
2725 1929 2798 1985 et
2835 1915 3053 1988 vitam

910 2029 1116 2106 finire
1155 2031 1558 2125 adigerent,
1599 2030 1692 2101 ad
1739 2028 1961 2101 finem
1994 2029 2262 2102 scilicet
2308 2029 2509 2126 quod
2554 2029 2647 2104 ad
2682 2030 3051 2104 ecclesiam

910 2160 1225 2218 nostram
1273 2145 1533 2218 talibus
1575 2144 2171 2216 machinamentis
2212 2160 2507 2243 possent
2536 2146 2953 2243 pervenire,
2990 2161 3055 2218 et

909 2262 1053 2332 suis
1094 2261 1638 2358 improbissimis
1686 2274 1901 2355 atque
1949 2260 2411 2357 iniquissimis
2443 2259 2961 2358 cupiditatibus
2990 2277 3051 2332 et

907 2377 1425 2450 ambitionibus
1457 2376 1881 2449 satisfacere.
1940 2382 2025 2447 Et
2054 2378 2283 2475 ipsam
2317 2375 2650 2472 quidem,
2706 2378 3053 2472 quemad·

908 2494 1210 2566 modum
1236 2518 1280 2565 a
1302 2494 1471 2565 viris
1494 2492 1636 2563 fide
1659 2493 1894 2588 dignis
1918 2495 2348 2591 accepimuS,
2376 2494 2611 2583 initio,
2634 2495 3049 2591 priusquam

913 2609 1490 2705 Andegavensem
1550 2609 1953 2680 ecclesiam¹
2017 2623 2091 2679 et
2155 2608 2634 2682 cardinalatus
2699 2608 3047 2705 fastigium

908 2728 1146 2802 suisset
1178 2741 1560 2815 assecutus,
1599 2726 1964 2800 ambiebat
1996 2742 2240 2800 noster
2277 2728 2524 2819 Balue,
2563 2743 2737 2798 tunc
2772 2729 3047 2826 episco-

905 2870 1038 2942 pus
1083 2845 1390 2915 ecclesiae
1440 2843 1917 2934 Ebroicensis,
1971 2869 2060 2915 eo
2106 2844 2306 2942 quod
2356 2846 2726 2942 aliquanto
2774 2861 2850 2917 et
2882 2872 3045 2944 pro-

903 2959 1236 3030 ventibus
1266 2958 1584 3050 uberior,
1612 2975 1681 3030 et
1709 2960 2087 3057 temporali
2117 2960 2455 3054 dignitate
2481 2960 2799 3032 nobilior
2832 2986 3044 3058 quam

905 3103 1032 3147 sua
1071 3076 1514 3148 Ebroicensis
1550 3103 1592 3148 a
1630 3078 1955 3174 plurimis
1992 3078 2404 3166 duceretur;
2442 3077 2643 3173 cujus
2682 3077 3043 3175 explendae

903 3221 1044 3266 sua=
1080 3194 1492 3266 ambitionis
1522 3196 1769 3288 gratia,
1810 3220 1942 3265 nos
1969 3195 2283 3290 primum
2316 3194 2500 3264 mitti
2538 3194 3041 3290 Perpinianum

904 3313 1051 3407 ipse
1099 3327 1582 3408 procurasset,
1626 3336 1844 3406 quem
1895 3327 2047 3382 tum
2094 3336 2227 3409 pro
2267 3311 2511 3397 nobis,
2554 3310 2777 3408 ipsius
2830 3309 3038 3381 fidem

903 3430 1159 3518 secuti,
1213 3442 1537 3498 nostrum
1584 3427 1779 3523 apud
1831 3452 2071 3523 regem
2123 3428 2679 3498 interventorem
2726 3425 3039 3498 futurum

902 3572 1473 3642 speraveramus,
1516 3561 1587 3616 et
1620 3570 1753 3640 pro
1790 3569 1873 3616 ea
1915 3571 1991 3616 re
2026 3545 2190 3618 satis
2235 3545 2553 3615 honestis
2600 3544 2917 3618 enceniis
2948 3558 3040 3616 at-

903 3688 1041 3757 que
1077 3662 1499 3733 muneribus
1527 3661 2089 3751 donaveramus3
2123 3662 2248 3733 sed
2282 3661 2433 3733 talis
2466 3661 2861 3757 aliquando
2894 3686 3036 3736 esse

903 3779 1080 3849 solet
1129 3779 1521 3849 multorum
1575 3777 1751 3848 fides
1803 3793 1871 3849 et
1920 3777 2132 3849 ludus
2165 3778 2599 3871 aulicorum,
2640 3777 2731 3848 de
2778 3776 3033 3873 quibus

901 3893 1066 3964 satis
1095 3894 1531 3990 pertinenter
1567 3893 1870 3987 tragicus
1898 3894 2234 3965 cecinisse
2272 3893 2553 3965 videtur
2590 3920 2605 3962 :

1121 4043 1270 4106 Non
1308 4044 1500 4108 intrat
1533 4068 1813 4131 unquam
1851 4045 2093 4133 regium
2130 4045 2321 4108 limen
2356 4044 2533 4109 fides.

985 4229 1034 4280 l.
1081 4225 1470 4293 C'est-a-dire,
1509 4239 1680 4282 avant
1711 4226 1762 4282 le
1792 4224 1935 4282 mois
1961 4224 2033 4282 de
2055 4225 2243 4297 juillet
2273 4229 2450 4286 1467.
