3400 5417
956 505 1075 561 280
1828 499 2201 557 APOLOGIA
2224 541 2246 590 v,

960 634 1200 709 eunda
1233 632 1675 706 ducebamus
1697 687 1717 722 ‚
1762 647 1841 704 ut
1868 687 1887 723 ‚
1922 633 1983 703 si
2015 621 2259 704 divina
2294 631 2721 705 concederet
2742 633 3099 732 dignane,

961 753 1220 854 prioris
1257 751 1600 848 temporis
1645 750 2141 846 negligentiae,
2176 772 2323 844 quo
2349 804 2368 840 ,
2402 749 2557 846 jam
2586 749 2663 820 in
2691 749 2965 822 eadem
2994 777 3107 823 ec·

965 872 1178 944 clesia
1231 868 1688 941 residentiam
1762 866 1985 938 ferme
2040 867 2381 937 continue
2442 866 2781 940 facientes
2798 925 2819 959 ,
2882 870 3107 967 ipsam

961 1012 1137 1060 xvm
1169 987 1377 1059 annis
1426 1008 1833 1057 rexeramus
1854 1039 1874 1077 ,
1913 983 2379 1081 propensiore
2420 996 2634 1080 atque
2660 984 3109 1079 vigilantiore

963 1128 1139 1177 cura
1178 1103 1708 1200 detergeremus
1751 1115 1966 1197 atque
2002 1099 2573 1172 emendaremus.
2626 1105 2898 1199 Magna
2948 1128 3111 1200 pro·

967 1222 1152 1293 fecto
1185 1247 1308 1320 spe
1346 1223 1420 1292 in
1457 1220 1775 1292 Domino
1821 1216 2249 1310 ferebamur,
2287 1219 2347 1289 si
2382 1219 2508 1289 illo
2537 1218 2750 1292 nobis
2768 1221 3110 1318 quemad-

970 1337 1272 1409 modum
1303 1348 1642 1434 perantea
1675 1332 1984 1405 residere
2015 1332 2395 1429 tranquille
2431 1333 2787 1426 licuisset,
2834 1333 2932 1406 de
2964 1351 3111 1407 tau-

970 1455 1123 1526 tillo
1174 1468 1386 1550 atque
1429 1453 1684 1548 exiguo
1734 1450 1986 1522 crediti
2022 1464 2093 1521 et
2123 1449 2487 1522 commissi
2527 1449 2740 1523 nobis
2776 1452 3035 1523 {alenti
3072 1478 3111 1524 a

970 1570 1287 1641 Domino
1331 1568 1626 1638 solerter
1657 1566 2031 1660 negotiari,
2065 1579 2181 1652 ut,
2208 1589 2376 1636 cum
2405 1565 2700 1648 rationis
2726 1565 3110 1636 reddendae

973 1686 1168 1784 apud
1187 1685 1585 1757 districtum
1613 1686 1649 1752 J
1653 1682 1942 1753 udicem
1958 1697 2239 1780 tempus
2258 1681 2629 1753 advenerit
2644 1739 2663 1772 ,
2689 1684 2937 1780 ipsum
2953 1709 3109 1754 cum

972 1804 1269 1898 alicujus
1312 1802 1492 1873 lucri
1530 1802 1974 1872 incremento
2012 1814 2492 1898 reportanteS,
2541 1800 2633 1871 de
2668 1799 2817 1872 fide
2854 1817 2927 1873 et
2966 1803 3114 1874 dili·

975 1920 1210 2014 gentia
1263 1919 1739 2016 potuissemus
1782 1918 2303 1989 commendari.
2355 1917 2460 1989 Ad
2503 1917 2650 1988 hoc
2691 1918 2896 1989 enim
2942 1946 3111 2018 prae-

975 2037 1183 2132 cipue
1207 2049 1277 2105 et
1305 2033 1656 2105 librorum
1683 2034 2183 2124 instrumenta,
2212 2048 2285 2104 et
2304 2048 2553 2104 caetera
2579 2032 2673 2105 ad
2699 2033 3113 2128 hujusmodi

976 2151 1534 2245 negotiationem
1565 2174 1698 2248 pro
1726 2148 2027 2220 modulo
2061 2150 2322 2219 virium
2354 2173 2606 2247 parare
2655 2151 2943 2222 solliciti
2980 2151 3115 2222 fue-

976 2291 1240 2338 ramus.
1291 2266 1877 2359 Verebamurque
1918 2268 2225 2336 maxime
2275 2280 2347 2336 et
2389 2265 2674 2337 acribus
2724 2268 2898 2338 satis
2948 2291 3111 2337 con-

979 2384 1284 2453 scientiae
1334 2383 1635 2454 stimulis
1680 2380 2203 2481 pungebamur,
2248 2406 2339 2452 ne
2374 2380 2587 2453 nobis
2632 2380 2726 2453 ad
2782 2407 3109 2476 magnam

981 2500 1450 2596 imputaretur
1487 2500 1713 2596 culpae
1752 2499 2138 2591 sarcinam,
2179 2499 2338 2588 nisi,
2382 2497 2549 2570 fidei
2591 2499 2849 2570 talium
2898 2497 3113 2570 aboli-

979 2615 1260 2686 tionum
1303 2616 1643 2687 audacter
1688 2640 1823 2685 nos
1865 2615 2390 2686 committentes
2422 2616 2609 2711 (quae
2643 2614 3112 2711 indulgentia-

980 2757 1140 2802 rum
1193 2747 1264 2802 et
1311 2731 1770 2801 securitatum
1816 2729 2122 2800 sormam
2178 2730 2665 2827 plenissimam
2729 2731 3113 2828 praetende·

979 2847 1210 2940 bant),
1271 2847 1470 2941 quod
1520 2847 1594 2914 in
1630 2844 1843 2915 nobis
1897 2870 2046 2915 esse
2091 2860 2405 2943 poterat,
2464 2846 2556 2919 de
2606 2845 2988 2919 redeundo
3031 2847 3111 2919 ad

979 2961 1349 3031 ecclesiam
1415 2977 1487 3032 et
1533 2961 1886 3058 pastorale
1951 2962 2364 3033 exercitium
2431 2977 2775 3034 conatum
2828 2987 3111 3034 omnem

982 3091 1196 3171 atque
1244 3075 1568 3148 debitum
1615 3092 1944 3148 nostrum
1994 3077 2411 3165 faceremus.

1081 3193 1204 3263 His
1259 3194 1470 3287 igitur
1523 3219 1608 3264 ex
1666 3195 1895 3266 causis
1966 3193 2293 3286 adducti,
2366 3195 2439 3266 in
2498 3195 2818 3267 Domino
2890 3196 3111 3293 potius

985 3323 1205 3404 quam
1221 3310 1294 3378 in
1320 3310 1639 3379 mortalis
1665 3310 2009 3406 principis
2028 3309 2625 3406 promissionibus
2646 3308 3106 3401 confidentes,

984 3451 1327 3522 spemque
1377 3440 1601 3497 totam
1655 3427 1727 3494 in
1786 3450 1952 3495 eum
2001 3442 2471 3524 reponenteS,
2532 3428 2605 3496 in
2665 3429 2977 3524 patriam
3022 3453 3117 3498 re-

984 3540 1284 3634 diimus,
1357 3557 1428 3611 et
1474 3541 1606 3611 sub
1660 3542 1843 3635 regis
1904 3542 2250 3614 ditionem
2302 3569 2388 3614 ex
2446 3543 2829 3617 Brabantia
2884 3544 3112 3615 denuo

984 3658 1476 3750 migravimus,
1515 3657 1742 3728 libros
1783 3658 1995 3728 etiam
2049 3675 2261 3755 atque
2314 3659 2917 3758 suppellectilem,
2972 3687 3114 3757 qua?

988 3771 1197 3842 nobis
1247 3774 1490 3846 relicta
1536 3799 1687 3844 esse
1740 3788 2161 3871 potuerant,
2202 3776 2412 3847 simul
2464 3777 2800 3848 facientes
2835 3777 3109 3849 deferri.

991 3893 1168 3957 Nam
1209 3913 1466 3982 magna
1499 3915 1698 3986 parS,
1751 3890 1961 3982 dum,
2020 3893 2226 3989 pulso
2267 3916 2607 3987 germano
2641 3918 2774 3964 suo
2812 3893 2907 3964 de
2948 3898 3114 3964 Nor·

986 4000 1279 4068 mannia
1304 4053 1322 4088 ,
1376 4001 1824 4094 provinciam
1864 4026 1984 4071 rex
2023 4018 2542 4101 occupaverat,
2587 4019 2893 4074 cesserat
2943 4005 3113 4074 mili-

987 4111 1175 4181 tibus
1205 4114 1279 4182 in
1316 4115 1664 4210 praedam,
1701 4131 1767 4184 et.
1806 4118 2310 4214 temporalium
2360 4132 2793 4214 proventus,
2844 4118 2920 4187 in
2959 4120 3115 4214 qui-

984 4226 1121 4297 bus
1143 4230 1497 4325 praecipua
1518 4230 1826 4300 ecclesian
1864 4230 1997 4302 dos
2032 4234 2377 4323 consistit,
2407 4233 2498 4304 ad
2525 4257 2823 4304 manum
2857 4235 3112 4327 regiam
