3400 5417
1098 539 1320 596 LIBER
1361 538 1771 597 SECUNDUS.
2397 544 2513 601 373

375 671 516 746 sibi
552 673 1030 745 conciliarunt
1058 726 1077 761 ,
1150 671 1435 768 suisque
1502 672 1577 742 in
1633 671 1773 744 hac
1839 695 1917 743 re
1979 672 2346 746 desideriis
2408 698 2518 747 as·

373 790 803 861 sentientem
858 790 971 860 vel
1026 788 1456 860 invenerunt
1502 787 1597 859 ad
1640 788 2156 888 opprimendas
2208 789 2521 863 ecclesiae

374 905 737 977 libertates
772 931 855 979 ac
895 904 1459 1003 jurisdictioneS,
1510 906 1623 977 vel
1661 905 2087 996 effecerunt,
2126 922 2207 977 ut
2250 906 2522 978 nullam

377 1043 671 1117 prorsus
739 1043 825 1090 ex
891 1017 1263 1116 provincia
1330 1040 1620 1088 causam
1680 1041 1807 1089 seu
1876 1018 2330 1115 praelatorum
2395 1040 2522 1088 seu

376 1135 795 1229 quorumvis
846 1134 1154 1205 aliorum
1191 1131 1283 1202 ad
1318 1132 1584 1204 dictam
1630 1133 2058 1231 parlamenti
2100 1132 2373 1203 curiam
2410 1133 2521 1203 vel

374 1266 573 1323 extra
627 1251 870 1348 patriae
916 1249 1095 1320 fines
1138 1248 1425 1319 devolvi
1477 1263 1601 1319 aut
1654 1249 1940 1321 tractari
1991 1250 2376 1347 patiantur.
2440 1249 2525 1318 Et

373 1368 520 1439 hoc
559 1367 857 1463 quidem
896 1365 1368 1437 obtinuerunt
1401 1362 1536 1435 sub
1567 1379 1905 1463 praetextu
1943 1365 2315 1461 cujusdam
2349 1390 2526 1464 prae-

371 1486 557 1557 tensi
612 1482 1006 1581 privilegii,
1062 1481 1261 1578 quod
1300 1512 1335 1547 «
1393 1495 1663 1553 cartam
1713 1483 2296 1552 Normannorum
2327 1508 2362 1547 »
2399 1504 2528 1578 ap-

374 1601 681 1699 pellant,
751 1596 949 1696 quod
1015 1600 1262 1694 utique
1343 1598 1599 1670 melius
1669 1612 1742 1668 et
1819 1599 2142 1669 veracius
2207 1598 2531 1668 dicerent

373 1730 587 1812 atque
623 1716 1083 1788 nominarent
1120 1745 1155 1784 «
1202 1737 1560 1786 carcerem
1610 1716 2199 1786 Norrnannorum
2225 1716 2268 1783 ¹.
2317 1741 2353 1780 »

1076 2010 1592 2080 CAPITULUM
1650 2011 1804 2078 Vn.

376 2215 455 2265 De
480 2212 686 2285 injuriis
714 2231 832 2284 quae
858 2212 1101 2283 quotidie
1130 2213 1362 2283 praelatis
1388 2214 1444 2265 in
1471 2212 1808 2267 Nox-mannia
1835 2211 2157 2279 inferuntur,
2188 2224 2378 2267 contra
2399 2230 2530 2283 quas

931 2300 1138 2351 nullum
1167 2300 1445 2353 inveniunt
1470 2302 1605 2372 juris
1635 2300 1954 2356 remedium.

479 2483 580 2550 Ita
608 2478 688 2550 fit
716 2493 797 2549 ut
822 2480 1158 2575 quotiens
1191 2480 1444 2551 volunt
1466 2496 1536 2551 et
1562 2483 1637 2552 in
1662 2480 2236 2578 quibuscumque
2266 2483 2521 2569 causis,

371 2596 536 2691 jura
573 2595 1030 2692 praelatorum
1061 2610 1131 2665 et
1164 2596 1624 2668 ecclesiarum
1654 2599 2081 2695 provinciae,
2121 2597 2385 2694 quibus
2418 2599 2527 2668 in-

377 2710 750 2782 fensissimi
790 2712 1158 2799 exsistunt,
1190 2737 1445 2782 eorum
1470 2714 2001 2808 jurisdictiones
2032 2729 2102 2784 et
2136 2714 2520 2806 libertateS,

378 2850 556 2922 quas
622 2828 973 2896 acerrimo
1024 2843 1558 2924 prosequuntur
1624 2830 1838 2922 odio,
1898 2829 2317 2921 deturbent,
2391 2854 2526 2901 ca-

377 2943 821 3013 lumnientur
873 2959 943 3014 et
1002 2944 1363 3037 auferant,
1416 2971 1583 3017 cum
1655 2960 1974 3037 tantum,
2037 2946 2222 3044 proh
2263 2942 2518 3017 dolor!

380 3062 452 3128 in
518 3058 933 3153 hujusmodi
988 3059 1263 3154 injuriis
1311 3062 1607 3157 impune
1660 3062 2049 3133 inserendis
2100 3062 2404 3158 praelatis
2459 3076 2529 3132 et

377 3175 867 3245 ecclesiasticis
915 3177 1238 3270 personis
1294 3176 1564 3247 eisdem
1605 3177 1838 3267 liceat,
1891 3192 2241 3271 quantum
2279 3176 2520 3248 libeat.

384 3292 589 3362 Unde
652 3291 727 3360 fit
792 3306 872 3361 ut
933 3292 1253 3385 quotidie
1322 3292 1783 3362 ecclesiarum
1846 3293 2112 3390 praelati
2175 3317 2336 3363 suas
2405 3294 2526 3363 de-

381 3407 653 3478 turbari
696 3407 1228 3503 jurisdictiones
1278 3423 1350 3479 et
1388 3409 1870 3479 immunitates
1920 3409 2425 3479 ecclesiasticas
2459 3425 2530 3479 et

383 3525 721 3621 depcrdi,
766 3522 1035 3618 absque
1096 3524 1241 3595 ullo
1291 3524 1469 3617 juris
1526 3524 1876 3613 remedi0‚
1928 3525 2218 3595 videant
2264 3541 2330 3595 et
2383 3528 2527 3622 pati

387 3666 670 3710 necesse
733 3637 1072 3709 habeant.
1141 3638 1356 3725 Quod
1408 3639 1577 3709 viris
1628 3640 1969 3710 animosis
2030 3655 2100 3710 et
2165 3640 2340 3711 boni
2403 3643 2528 3713 zeli

382 3773 736 3855 quantum
771 3757 1083 3846 doloris,
1131 3758 1503 3829 anxietatis
1553 3773 1766 3852 atque
1810 3760 2212 3830 afflictionis
2254 3759 2526 3849 asserat,

383 3876 499 3943 vix
563 3873 993 3944 sufficienter
1056 3873 1357 3971 exprimi
1422 3890 1685 3971 posset.
1757 3878 1910 3945 Jam
1970 3878 2292 3973 profecto
2365 3879 2530 3947 uni·

382 3991 671 4083 cuique,
718 4014 863 4058 nou
903 3990 1125 4060 modo
1153 3990 1378 4083 judici
1414 3991 1625 4061 ctiam
1669 3994 2130 4086 quantumvis
2162 3993 2526 4090 pedaneO,

467 4194 524 4247 1.
570 4192 677 4244 qu
708 4186 779 4242 de
811 4201 958 4244 mots
987 4189 1086 4263 qui
1126 4208 1199 4245 ne
1229 4187 1489 4245 s’entend
1518 4190 1693 4264 qu‘en
1725 4188 1968 4264 francais
1995 4236 2009 4259 ‚
2055 4189 2110 4247 le
2146 4202 2263 4246 mot
2308 4190 2533 4247 charete

386 4284 745 4361 designanti».
769 4282 825 4338 la
855 4282 959 4339 fois
990 4302 1067 4339 un
1104 4283 1382 4361 privilege
1411 4297 1465 4341 et
1498 4302 1609 4341 unc
1639 4282 1861 4360 prison.
