3400 5417
1053 497 1274 554 LIBER
1317 497 1696 554 summus.
2331 499 2358 552 1
2374 499 2445 554 43

329 629 568 702 broeclr
583 633 600 666 ¹
618 686 638 723 ,
676 644 748 701 et
781 628 938 701 aliis
967 627 1435 726 pluribusque
1455 630 1478 664 ⁸
1521 627 1722 698 locis.
1772 623 1875 697 Ad
1922 649 2081 722 quae
2121 627 2283 699 loca
2324 653 2451 700 ac·-

323 745 667 818 cedebant
707 745 918 840 legati
969 743 1524 838 Trajectensium
1575 756 2050 838 tyrannorum
2110 766 2275 813 cum
2320 744 2449 816 de·

325 861 578 960 putatis
643 885 842 932 nunc
903 856 1265 957 pontificis
1285 913 1304 950 ,
1377 882 1573 928 nunc
1624 857 1842 928 etiam
1901 857 2243 955 principis
2263 914 2283 950 ,
2338 860 2453 931 vel

324 991 516 1048 terrae
563 990 636 1048 et
670 977 914 1074 patriae
965 999 1108 1046 suae
1153 974 1576 1046 Hollandiae.
1634 977 1723 1046 Et
1767 972 2185 1046 deludentes
2224 999 2455 1074 popu-

323 1095 465 1165 lum
527 1096 1048 1190 TraJ'ectensem
1109 1090 1543 1163 simulabant
1601 1091 1889 1186 tyranni
1945 1115 2019 1162 se
2087 1116 2223 1188 pro
2276 1117 2453 1190 pace

326 1234 526 1304 agere
546 1266 566 1302 ,
597 1223 669 1281 et
695 1233 857 1282 eam
890 1221 1042 1280 toto
1075 1223 1342 1280 conatu
1366 1209 1813 1306 perquirere3
1854 1206 1980 1279 sed
2007 1208 2183 1303 quid
2208 1209 2454 1282 animo

324 1340 674 1421 gestarent
732 1341 806 1397 et
860 1338 1138 1418 mente,
1207 1325 1460 1422 saepius
1520 1349 1741 1423 opere
1805 1323 2246 1397 indicabant.
2313 1329 2455 1415 Qui

324 1443 536 1514 ferme
574 1466 882 1540 semper,
933 1467 1101 1513 cum
1151 1442 1423 1538 legatos
1457 1466 1625 1513 suos
1659 1442 1754 1513 ad
1793 1441 2019 1514 dietas
2064 1444 2259 1540 pacis
2300 1444 2456 1516 mit-

329 1575 584 1654 terent,
625 1584 773 1631 una
815 1558 1196 1630 mittebant
1239 1558 1569 1629 rutheros
1614 1583 1785 1630 suos
1825 1557 1918 1630 ad
1961 1559 2297 1632 incendia
2341 1562 2453 1633 vel

325 1676 594 1772 praedas
627 1675 986 1747 faciendas
1029 1674 1142 1745 vel
1176 1675 1250 1745 in
1288 1674 1705 1764 Hollandia,
1742 1676 1856 1747 vel
1914 1676 2068 1748 aliis
2116 1677 2294 1749 locis
2337 1678 2456 1748 vi-

325 1792 494 1863 cinis
521 1794 568 1862 ³.

420 1908 896 1980 Redemerant
947 1933 1023 1979 se
1074 1932 1119 1979 a
1163 1908 1446 1982 civitate
1497 1907 1851 2006 pleraeque
1898 1909 2079 1980 villae
2134 1911 2447 2005 magnis,

327 2050 494 2122 quas
530 2026 1014 2116 exsolvera'nt,
1046 2025 1514 2120 pecuniarum
1543 2026 1876 2116 summiS,
1918 2051 2009 2096 ne
2045 2026 2157 2098 vel
2192 2027 2268 2097 in
2300 2051 2457 2124 per·

327 2142 512 2212 sonis
540 2197 560 2232 ,
593 2141 706 2210 vel
740 2142 814 2210 in
849 2138 1123 2210 aedibus
1161 2140 1402 2212 aliisve
1440 2139 1655 2211 rebus
1699 2140 1968 2212 damna
2002 2156 2448 2238 paterentur;

326 2256 442 2327 sed
479 2281 631 2326 non
668 2281 757 2327 eo
802 2256 1077 2344 minuS,
1116 2280 1284 2326 cum
1320 2271 1530 2327 antea
1569 2255 1746 2326 nihil
1773 2257 1923 2352 jam
1962 2256 2097 2328 sibi
2136 2272 2456 2328 metuen-

327 2372 492 2443 dum
533 2387 870 2471 putarant
893 2426 911 2460 ,
956 2387 1120 2469 post
1146 2372 1538 2443 adventum
1570 2372 1759 2444 illius
1794 2372 2156 2444 domicelli
2190 2373 2281 2444 de
2314 2376 2453 2445 Cli-

329 2490 425 2560 vis
456 2493 509 2580 ¹⁶,
560 2503 906 2583 tanquam
965 2489 1133 2559 novi
1186 2487 1466 2559 domini
1519 2511 1737 2582 quem
1814 2489 2045 2561 aliena
2104 2494 2452 2587 promissa

331 2631 469 2676 non
503 2607 853 2700 ligarent,
909 2606 1154 2675 omnia
1189 2619 1637 2702 compactata
1682 2606 1973 2676 rescissa
2028 2622 2236 2695 sunt3
2293 2607 2453 2678 fuit-

329 2747 459 2817 que
511 2722 618 2792 eis
658 2745 940 2791 necesse
974 2722 1086 2791 vel
1125 2746 1198 2790 se
1244 2720 1486 2791 denuo
1524 2721 1915 2810 redimere,
1959 2724 2071 2793 vel
2106 2723 2454 2814 incendiis

327 2862 404 2910 ac
439 2837 694 2936 praedae
745 2852 985 2936 patere
1011 2894 1027 2927 ‚
1079 2852 1202 2908 aut
1241 2838 1402 2908 loca
1449 2863 1575 2908 sua
1606 2837 1932 2909 deserere
1968 2866 1983 2908 ε
2032 2839 2231 2934 quod
2268 2865 2453 2910 non-

333 2955 539 3046 nulli,
581 2955 864 3025 ineertae
922 2970 992 3026 et
1035 2955 1260 3048 fragili
1300 2955 1466 3025 fidei
1519 2981 1593 3026 se
1657 2957 2107 3028 committere
2150 2959 2456 3056 amplius

331 3096 470 3141 non
506 3073 890 3163 audenteS,
931 3073 1168 3168 potius
1199 3073 1587 3167 elegerunt.
1641 3075 1798 3143 Fuit
1832 3098 2089 3170 nempe
2130 3075 2453 3168 quaedam

331 3188 487 3259 villa
531 3189 722 3259 circa
753 3187 1108 3285 oppidum
1145 3190 1411 3282 Ity-cle,
1458 3212 1648 3282 quae,
1689 3189 2039 3284 promissa
2084 3188 2217 3259 sibi
2252 3215 2456 3260 secu-

331 3303 528 3375 ritate
575 3305 789 3375 etiam
825 3330 951 3401 per
989 3304 1452 3375 domicellum
1490 3305 1580 3374 de
1623 3305 1871 3392 clivis,
1932 3331 2081 3376 sese
2127 3306 2449 3377 redemit.

331 3419 464 3489 Sed
501 3444 673 3490 cum
718 3420 841 3490 illo
892 3421 1041 3516 ipse
1079 3444 1246 3490 cum
1281 3421 1425 3490 suis
1469 3419 1774 3490 rutheris
1820 3421 2090 3519 ivisset,
2133 3449 2267 3493 nec
2318 3425 2456 3495 loci
2540 3421 2548 3430 ’

334 3534 634 3622 accolae,
687 3533 937 3605 confisi
984 3535 1074 3606 de
1128 3549 1335 3632 pacta
1388 3535 1892 3622 indemnitate,
1946 3563 2021 3607 se
2072 3538 2459 3611 subtraxis—

333 3667 520 3741 sent,
559 3651 684 3722 sed
715 3651 1260 3723 advenientibus
1287 3654 1501 3723 etiam
1532 3653 1621 3722 de
1659 3654 1801 3723 suis
1836 3653 2048 3725 bonis
2078 3656 2460 3727 ministras·

411 3878 466 3929 1.
510 3877 592 3930 La
623 3877 817 3948 Haye,
849 3874 1216 3930 Bois—le-Due
1238 3917 1252 3942 ,
1293 3873 1660 3931 Oestbroeek.

410 3970 468 4026 2.
516 3971 824 4042 Plaerisque
849 3969 990 4025 dans
1019 3971 1072 4025 le
1101 3990 1206 4026 1115.

415 4064 470 4117 3.
521 4064 664 4118 Tout
690 4063 814 4119 cela
843 4074 928 4118 est
961 4063 1014 4120 la
1043 4062 1345 4139 repetition
1374 4061 1446 4118 de
1471 4081 1536 4119 ce
1563 4083 1677 4137 que
1708 4063 1951 4120 l'auteur
1979 4085 2010 4121 a
2032 4065 2110 4120 dit
2140 4067 2266 4144 plus
2296 4067 2455 4137 haur,

338 4174 392 4230 p.
432 4158 567 4213 106.

417 4251 468 4306 4.
521 4254 629 4304 Les
659 4251 887 4307 Frisons
916 4251 1278 4328 l'appelaient
1306 4253 1541 4306 sonex-er
1570 4273 1672 4306 ναη
1710 4256 1880 4312 (leve.
