3400 5417
1184 532 1403 587 LIBER
1464 532 1868 589 SECUNDUS.
2469 532 2605 589 -363

465 677 572 737 est
596 662 725 759 qui
770 659 1203 735 sufficienter
1236 659 1499 735 oeferre
1540 662 1655 735 vel
1703 662 2016 759 cogitare
2057 662 2307 760 possit.
2355 661 2460 734 Ad
2509 663 2613 735 ul·

465 780 725 851 timum
747 834 768 870 ,
804 778 1284 851 existimantes
1328 778 1589 851 accolae
1642 779 1890 877 patriae
1935 802 2312 875 nunquam
2361 779 2610 875 hujus-

464 896 667 972 modi
700 895 1226 971 calamitatibus
1257 898 1401 969 suis
1432 895 1655 969 finem
1701 895 1941 969 afferri
1981 920 2230 995 posse,
2269 896 2406 967 nisi
2437 896 2608 969 inde

460 1015 703 1087 hostes
730 1012 1002 1107 Anglici
1036 1012 1496 1110 pellerentur,
1532 1013 1626 1084 ad
1651 1011 1727 1083 id
1778 1010 2299 1112 perficiendum
2331 1026 2406 1082 et
2431 1035 2610 1083 con-

464 1128 979 1203 summandum
1029 1129 1177 1223 regi
1212 1142 1283 1199 et
1319 1128 1768 1226 principibus
1819 1132 2266 1200 Francorum
2299 1128 2467 1198 totis
2499 1128 2612 1199 vi-

463 1247 662 1319 ribus
694 1262 766 1318 et
798 1244 1252 1317 facultatibus
1303 1246 1672 1344 cooperati
1732 1259 1936 1337 sunt,
1983 1268 2441 1342 summopere
2482 1244 2610 1316 de-

468 1365 863 1437 siderantes
920 1362 1057 1434 sub
1114 1363 1500 1462 imperium
1565 1361 1746 1434 illud
1795 1360 2040 1433 nobile
2093 1375 2165 1431 et
2205 1360 2610 1433 humanum

464 1480 840 1578 quondam
879 1484 1321 1551 Francorum
1343 1535 1362 1574 ,
1415 1478 1551 1551 sub
1584 1505 1734 1577 quo
1763 1479 1940 1550 olim
1979 1503 2236 1551 eorum
2282 1480 2611 1577 progeni·

465 1612 655 1669 tores
673 1597 911 1693 quiete
938 1610 1010 1667 et
1033 1594 1328 1693 pacifice
1352 1596 1427 1666 in
1451 1595 1649 1667 bona
1666 1595 1992 1667 libertate
2015 1609 2087 1666 et
2103 1596 2612 1692 tranquillitate

464 1713 855 1810 aliquando
891 1714 1247 1804 vixerant,
1286 1712 1533 1784 reduci
1571 1736 1654 1784 ac
1686 1711 1956 1783 restitui
1975 1768 1994 1804 ,
2028 1736 2231 1809 spem
2263 1712 2611 1785 habentes

466 1830 658 1900 velut
696 1828 1217 1919 indubitatam,
1262 1830 1322 1899 si
1373 1828 1447 1899 id
1492 1827 1883 1922 aliquando
1926 1828 2190 1899 factum
2227 1828 2449 1922 soret,
2483 1855 2559 1901 se
2583 1886 2604 1922 ,

464 1946 683 2017 veluti
716 1946 1157 2045 postliminio
1190 1945 1283 2017 ab
1321 1944 1650 2016 hostibus
1685 1957 2010 2041 receptos
2035 1960 2251 2042 atque
2287 1960 2602 2043 ereptOS,

462 2066 771 2163 priscam
832 2066 1032 2139 illam
1078 2066 1574 2164 pulcherrimae
1622 2065 2001 2155 libertatiS,
2061 2066 2344 2162 justitiae
2393 2082 2609 2162 atque

462 2182 931 2253 immunitatis
963 2184 1273 2280 speciem
1304 2237 1322 2272 ,
1364 2181 1625 2279 quibus
1672 2182 1780 2252 sui
1819 2182 2123 2277 majores
2171 2196 2335 2253 ante
2377 2182 2607 2255 bello·

462 2324 622 2367 rum
655 2298 1091 2369 calamitates
1118 2298 1328 2395 potiti
1374 2298 1680 2388 fuerant,
1720 2322 2142 2395 recuperare
2182 2296 2474 2371 debere.
2526 2305 2611 2372 Et

458 2413 603 2486 hoc
666 2416 960 2512 quidem
1024 2416 1318 2510 singulis
1374 2414 1780 2486 civitatibus
1847 2429 2063 2510 atque
2115 2417 2401 2513 oppidis
2447 2442 2610 2514 pro-

460 2532 734 2622 vinciae,
785 2532 963 2603 dum
1010 2530 1103 2603 ab
1154 2532 1546 2626 Anglorum
1598 2531 1904 2627 imperio
1953 2532 2140 2603 cives
2199 2532 2608 2607 deficientes

460 2673 610 2719 sese
660 2665 916 2746 sponte
962 2674 1090 2720 sua
1142 2648 1490 2719 dederent
1539 2649 1805 2719 Karolo
1853 2652 2014 2741 Vll,
2074 2660 2249 2722 tunc
2295 2656 2608 2723 Franco—

461 2789 622 2834 rum
688 2765 878 2859 regi,
943 2779 1015 2835 et
1066 2764 1266 2859 quod
1338 2764 1537 2835 omni
1602 2764 2139 2858 benevolentia,
2213 2766 2452 2839 favore
2523 2794 2608 2841 ac

460 2879 747 2951 lenitate
784 2881 1111 2976 regendi,
1153 2879 1504 2951 tractandi
1559 2896 1630 2951 et
1682 2882 2157 2954 conservandi
2203 2899 2473 2977 essent,
2512 2884 2606 2956 ab

459 2998 615 3094 ipso
664 3023 826 3092 rege
890 3013 962 3068 et
1019 3000 1163 3070 suis
1222 2997 1527 3069 ducibus
1584 3022 1667 3068 ac
1721 2998 2061 3069 ministris
2115 2999 2608 3098 spondebatur

458 3128 675 3207 atque
708 3112 1207 3209 pollicebatur.
1251 3117 1413 3199 Qua
1450 3138 1574 3210 spe
1611 3113 1889 3203 allecti,
1933 3138 2185 3186 omnes
2228 3118 2350 3211 qui
2403 3134 2605 3215 pote-

464 3243 659 3320 rant,
714 3229 1117 3300 deditiones
1166 3229 1399 3301 facere
1452 3243 1663 3325 atque
1717 3229 2105 3323 Anglorum
2165 3231 2602 3307 dominatio-

459 3368 627 3415 nem
663 3370 706 3417 a
742 3348 885 3418 suis
925 3361 1253 3417 excutere
1292 3345 1687 3417 cervicibus
1728 3348 2050 3418 certatim
2088 3350 2594 3445 properabant.

459 3460 594 3530 Sed
653 3460 848 3533 heu!
922 3478 1299 3558 quantum,
1338 3464 1575 3533 miseri
1640 3461 1734 3534 ab
1785 3488 1909 3562 spe
1976 3489 2104 3536 sua
2165 3466 2597 3562 exciderint,

458 3601 822 3672 quamque
870 3579 1230 3649 diversum
1271 3578 1364 3650 ab
1410 3604 1499 3649 eo
1536 3578 1735 3673 quod
1786 3582 1886 3650 eis
1933 3580 2164 3652 fuerat
2200 3581 2601 3679 pollicitum

460 3718 499 3763 e
538 3694 827 3787 vestigio
860 3695 1309 3782 invenerint,
1352 3695 1930 3787 lamentabiliter,
1969 3698 2155 3793 proh
2202 3698 2445 3770 dolor!
2501 3703 2603 3772 ni-

460 3811 686 3880 mium
721 3825 885 3880 sunt
916 3812 1210 3909 experti.
1266 3815 1649 3908 Coeperunt
1679 3816 1910 3886 statim
1949 3817 2199 3886 Franci
2238 3842 2359 3888 eos
2402 3821 2598 3890 omni

458 3928 908 4022 vectigalium
952 3943 1021 3998 et
1068 3928 1534 3999 collationum
1585 3956 1840 4023 genere
1892 3958 2191 4005 onerare
2224 3989 2242 4024 ,
2294 3936 2598 4006 militum

458 4045 885 4116 stationibus
922 4048 1326 4142 opprimere
1362 4061 1433 4116 et
1469 4048 1677 4117 variis
1718 4052 2024 4144 angariis
2066 4065 2135 4121 et
2167 4053 2599 4148 perangariis

459 4184 875 4255 aggravare,
916 4173 1130 4255 atque
1154 4213 1172 4247 ,
1215 4159 1410 4230 duris
1452 4162 1906 4233 servitutibus
1941 4163 2265 4259 adjectis,
2305 4189 2596 4234 omnem

457 4277 555 4345 eis
605 4301 805 4372 ptrue
864 4274 1259 4346 libertatem
1298 4278 1611 4372 eripere,
1668 4279 1850 4351 adeo
1902 4280 2221 4377 profecto
2260 4296 2337 4350 ut
2374 4280 2598 4377 publi-
