3400 5417
866 518 984 574 270
1720 508 2099 569 APOLOGIA
2117 553 2134 578 ,

866 647 1032 718 dem
1065 666 1486 740 germanum
1517 642 1869 714 violenter
1896 639 2302 741 spoliando.
2346 644 2429 712 ln
2460 661 2613 740 quo
2648 661 2823 712 sane
2849 663 3001 738 per-

866 763 1177 835 ficiendo
1202 761 1478 857 magnis
1496 758 1769 832 viribus
1786 774 1910 831 aut
1928 759 2285 832 violentiis
2300 757 2602 830 minime
2622 781 2807 859 opus
2825 771 2999 828 erat.

868 883 1044 951 Nam
1077 878 1266 950 cives
1298 878 1628 950 locorum
1673 891 1746 948 et
1776 875 2251 976 provinciales
2278 929 2298 969 ,
2328 874 2421 948 de
2454 873 2596 947 hac
2634 871 3007 974 inopinata

865 1009 936 1064 et
967 993 1159 1064 velut
1191 991 1564 1065 subitanea
1609 991 1893 1096 foederis
1936 1005 2234 1091 ruptura
2267 1010 2655 1088 rerumque
2686 1013 3009 1061 commu-

864 1106 1134 1176 tatione
1165 1105 1476 1197 attoniti,
1509 1102 1772 1203 quibus
1803 1127 1926 1176 rex
1950 1103 2287 1176 terribilis
2304 1116 2379 1177 et
2394 1119 2657 1199 magna
2684 1102 3011 1174 invectus

866 1223 1047 1294 furia
1080 1223 1384 1317 graviter
1414 1218 1860 1312 imminebat,
1894 1219 2175 1320 nullam
2201 1219 2601 1294 reluctandi
2631 1218 3009 1297 audaciam

865 1331 1333 1431 opponebant
1356 1388 1378 1420 ,
1417 1331 1542 1404 sed
1568 1387 1587 1423 ,
1623 1331 1977 1430 supplices
2014 1346 2085 1404 et
2120 1355 2388 1432 pavore
2436 1331 2665 1403 nimio
2706 1329 3001 1426 dejecti,

863 1454 1172 1525 cervices
1236 1450 1777 1524 submittebant.
1856 1451 2067 1546 Unde
2142 1475 2368 1553 parvo
2436 1450 2766 1547 negoti0,
2839 1473 3007 1520 cum

865 1568 1060 1640 nulla
1086 1570 1479 1641 resistentia
1502 1583 1900 1668 pararetur,
1928 1569 2278 1666 majorem
2303 1571 2522 1642 totius
2549 1568 3008 1640 Normanniae

863 1689 1268 1785 portionem
1326 1712 1414 1760 eo
1459 1687 1682 1759 modo
1721 1686 1858 1759 sub
1907 1711 2111 1761 suam
2171 1713 2295 1761 rex
2338 1687 2783 1789 paucissimis
2850 1685 3005 1759 die·

863 1803 1002 1876 bus
1061 1804 1333 1900 redegit
1391 1817 1846 1906 potestatem.
1916 1808 2084 1876 Erat
2147 1806 2342 1877 enirn
2403 1804 2553 1903 ipse
2616 1801 2764 1875 dux
2830 1805 3006 1877 Nor·

863 1917 1170 1988 manniae
1204 1914 1399 1991 velut
1433 1913 1653 1988 arbor
1685 1937 1935 1988 recens
1965 1916 2287 2014 plantata
2322 1917 2396 1987 in
2428 1929 2615 1987 terra
2644 1940 2810 2007 sua,
2848 1939 3005 2014 quae

864 2031 1194 2104 nondum
1225 2033 1457 2104 missis
1485 2033 1560 2103 in
1594 2033 1821 2103 altum
1850 2030 2213 2105 radicibus
2240 2030 2397 2104 solo
2433 2031 2741 2103 tenuiter
2766 2030 3010 2102 adhuc

863 2147 1269 2220 cohaerebat
1289 2151 1333 2240 ¹,
1395 2149 1662 2246 quippe
1705 2149 1821 2220 cui
1873 2173 2009 2221 nec
2051 2149 2361 2247 spatium
2398 2172 2533 2219 nec
2567 2146 2819 2220 dilatio
2851 2171 3008 2246 per-

866 2265 1076 2336 missa
1117 2264 1346 2335 suerat
1376 2264 1449 2334 in
1488 2286 1672 2361 qua,
1723 2262 1939 2335 rebus
1979 2263 2364 2363 provinciae
2406 2262 2786 2350 ordinatis,
2822 2263 3007 2335 vires

865 2377 958 2451 ad
992 2378 1465 2450 resistendum
1493 2379 1829 2476 colligere
1871 2381 2241 2479 potuisset.

964 2497 1052 2564 Se
1087 2495 1298 2589 igitur
1335 2495 1591 2566 videns
1627 2497 1727 2572 ita
1780 2496 1965 2570 dolis
1989 2552 2008 2588 ,
2072 2493 2347 2570 insidiis
2396 2509 2468 2568 et
2499 2495 2716 2566 armis
2757 2495 3004 2593 inique

867 2637 1286 2709 oppressum
1310 2668 1330 2705 ,
1377 2613 1799 2706 auxiliisque
1832 2612 2105 2694 ducum
2149 2610 2527 2684 Britanniae
2559 2625 2630 2683 et
2664 2611 3005 2684 Borbonii

866 2728 1312 2821 destitutum,
1346 2754 1530 2824 quos
1555 2727 1688 2800 sibi
1726 2727 2029 2800 fideliter
2058 2711 2275 2824 atque
2310 2727 2606 2799 firmiter
2634 2727 3006 2800 devinctos

864 2867 948 2914 ac
984 2843 1463 2937 adglutinatos
1497 2845 1649 2918 fore
1688 2844 2211 2916 existimaverat
2248 2841 2405 2938 (sed
2449 2841 2697 2914 nescio
2740 2841 3004 2939 quibus

863 2959 1163 3030 exilibus
1223 2975 1294 3032 et
1343 2960 1640 3034 minime
1688 2960 2012 3057 profecto
2070 2958 2575 3058 probabilibus·
2607 2958 3005 3037 offensiun-

864 3075 1040 3146 culis
1083 3075 1334 3148 affictis
1379 3100 1420 3149 a
1456 3102 1529 3148 se
1572 3076 2022 3150 desciverant
2068 3091 2141 3147 et
2186 3075 2279 3149 ad
2314 3076 2499 3172 regis
2548 3075 3001 3149 affectionem

865 3192 1387 3288 transiverai'it‘),
1427 3218 1594 3263 cum
1633 3191 1907 3264 videret
1940 3205 2193 3266 contra
2222 3191 2641 3288 hujusmodi
2676 3177 2831 3268 tam*
2856 3217 3005 3268 ma-

865 3307 1148 3380 nifestas
1179 3309 1547 3380 violentias
1578 3325 1648 3379 et
1683 3308 1890 3380 dolos
1911 3308 2314 3382 humanum
2337 3307 2472 3384 sibi
2505 3309 2786 3382 nullum
2808 3309 3001 3382 aliud

865 3449 1225 3522 superesse
1277 3426 1722 3523 praesidium,
1784 3425 2045 3498 auxilia
2086 3441 2297 3522 atque
2344 3425 2840 3502 subventionis
2886 3453 3003 3500 so-

865 3541 1031 3613 latia
1073 3542 1164 3613 ab
1201 3542 1680 3614 illustrissimis
1712 3543 2180 3640 principibuS,
2215 3543 2447 3637 dignae
2486 3543 3003 3620 recordationis

864 3673 934 3728 et
989 3660 1346 3729 memoriae
1392 3659 1763 3758 Philippo,
1820 3661 2413 3756 Burgundionum
2458 3661 2679 3753 duce,
2731 3675 2805 3734 et
2851 3662 3003 3757 ejus

869 3776 1232 3870 unigenito
1293 3778 1582 3868 Karolo,
1646 3792 1816 3848 tunc
1864 3779 2126 3849 comite
2175 3777 2265 3848 de
2318 3778 2757 3872 ΟΙιαι-οἶῳκς,
2807 3803 2999 3852 nunc

864 3915 1034 3962 vero
1093 3892 1428 3985 genitoris
1485 3893 1593 3963 sui
1647 3893 2063 3987 dignissimo
2123 3894 2406 3965 haerede
2459 3910 2671 3989 atque
2726 3920 3000 3966 succes-

867 4029 1024 4074 sore
1067 4005 1426 4102 ejusdem,
1479 4007 1788 4102 petenda
1821 4023 1889 4078 et
1916 4009 2344 4104 postulanda
2391 4010 2725 4081 decrevit.
2780 4009 2995 4103 CuJus

951 4164 1004 4216 1.
1053 4161 1210 4217 Cette
1251 4160 1436 4237 image
1465 4174 1549 4217 est
1583 4160 1710 4232 ddja
1744 4161 1885 4220 dans
1920 4163 2211 4220 l'Histoire
2244 4163 2322 4220 du
2358 4165 2536 4244 regne
2564 4163 2636 4222 de
2670 4164 2847 4226 Louis
2878 4167 2991 4233 XI,

865 4255 898 4308 ἐι
929 4273 1141 4330 propos
1169 4253 1242 4311 du
1273 4257 1459 4312 meme
1487 4253 1597 4312 duc
1627 4255 1698 4312 de
1725 4256 2071 4314 Normandie
2092 4301 2107 4328 ,
2141 4270 2181 4313 t.
2216 4261 2308 4328 11,
2338 4278 2399 4334 p.
2434 4261 2571 4315 150.
