3400 5417
1145 464 1368 520 LIBER
1408 462 1818 520 SECUNDUS.
2439 456 2553 512 383

408 600 707 673 habenti
736 623 880 671 suae
909 622 1147 697 pravae
1181 597 1531 670 voluntati
1562 596 2024 668 assentientes
2060 617 2146 665 ac
2177 592 2558 665 foederatos

409 716 687 812 regium
714 714 1146 788 advocatum
1172 738 1258 786 ac
1290 726 1834 811 procuratorem
1865 735 1992 783 seu
2022 734 2277 781 eorum
2302 707 2558 781 substi-

410 846 607 903 tutos
631 832 787 929 (qui
818 831 1301 903 communiter
1323 856 1411 903 ex
1444 828 1926 928 iniquioribus
1951 828 2169 899 totius
2195 826 2440 924 patriae
2465 823 2558 897 ad

410 945 581 1017 talia
614 944 853 1019 officia
887 946 1211 1042 pecuniae
1242 946 1649 1017 interventu
1681 942 2021 1016 accedere
2060 939 2358 1037 solent),
2398 964 2563 1037 pro·

412 1064 531 1135 cul
559 1062 814 1157 dubio,
859 1064 950 1135 de
982 1065 1129 1135 vita
1170 1063 1372 1136 facile
1418 1063 1802 1160 periclitari
1833 1061 2097 1160 poterit
2126 1083 2262 1158 pro
2307 1082 2564 1129 eorum

413 1180 685 1252 nefaria
737 1194 809 1253 et
869 1180 1305 1275 nequissima
1356 1180 1750 1251 voluntate.
1811 1176 2141 1249 Conficto
2191 1175 2385 1247 enim
2437 1198 2566 1271 per

412 1294 833 1391 hujusmodi
865 1294 1203 1368 officiales
1247 1294 1449 1393 quod
1480 1310 1736 1367 contra
1770 1294 1985 1365 talem
2030 1292 2318 1390 penitus
2354 1290 2566 1361 inno·

414 1425 701 1482 centem
749 1434 965 1509 super
1015 1412 1257 1506 aliquo
1304 1411 1605 1482 crimine
1649 1408 2236 1483 informationem
2279 1429 2569 1504 accepe-

414 1525 586 1614 rint,
634 1526 871 1597 statim
913 1550 1045 1623 per
1090 1525 1384 1597 eosdem
1438 1524 1953 1623 apprehensuS,
2001 1523 2196 1595 velut
2251 1522 2571 1594 criminis

415 1642 737 1741 capitalis
786 1666 949 1713 reus
1000 1641 1418 1715 detrudetur
1447 1642 1520 1712 in
1558 1665 1949 1729 carcerem,
1985 1653 2445 1736 sumeturque
2479 1638 2570 1710 de

416 1780 507 1829 eo
559 1757 856 1854 quaestio
902 1756 997 1830 ad
1043 1779 1454 1828 mensuram
1485 1771 1554 1829 et
1602 1755 1981 1828 arbitrium
2023 1780 2270 1848 suum,
2315 1767 2386 1826 et
2413 1753 2573 1826 talis

418 1873 623 1968 quod
657 1888 783 1946 aut
815 1872 1016 1944 fateri
1045 1874 1320 1943 crimen
1362 1872 1613 1944 dolore
1654 1887 1729 1943 et
1761 1870 2146 1944 acerbitate
2178 1884 2574 1941 tormento-

420 2014 613 2081 rum,
666 2004 793 2062 aut
825 1988 1085 2062 referre
1122 2014 1195 2059 se
1229 1989 1323 2060 ad
1363 1990 1762 2084 inquestam
1801 1987 2044 2085 patriae
2071 1987 2565 2084 compelletur.

419 2106 493 2174 Si
520 2103 932 2197 confitetur,
980 2104 1363 2176 damnatus
1388 2117 1526 2193 est3
1562 2104 1619 2174 si
1657 2103 1751 2174 ad
1791 2106 2190 2199 inquestam
2225 2126 2298 2172 se
2330 2102 2572 2199 patriae

419 2218 717 2310 referat,
767 2245 933 2290 cum
988 2244 1072 2289 ex
1128 2219 1482 2291 levissima
1528 2220 1934 2317 suspicione
1977 2219 2091 2291 vel
2143 2217 2342 2289 tenui
2388 2216 2574 2289 fama

421 2336 787 2407 interdum
833 2352 904 2409 et
936 2337 1376 2433 frequentius
1412 2336 1747 2407 homines
1780 2335 1874 2407 ad
1918 2334 2362 2406 credendum
2395 2358 2572 2430 prae-

422 2456 667 2525 sertim
696 2456 886 2527 mala
917 2456 1008 2526 de
1036 2455 1381 2552 proximis
1410 2454 1870 2546 inducantur,
1897 2470 1968 2527 et
1987 2454 2295 2524 maxime
2329 2452 2386 2521 si
2417 2452 2576 2546 quis

422 2571 818 2667 aliquando
877 2571 967 2642 de
1028 2573 1266 2668 aliqua
1325 2570 1535 2642 suerit
1609 2586 1899 2642 notatus
1961 2568 2400 2667 turpitudine
2463 2568 2575 2639 vel

422 2702 821 2785 suspectus,
863 2702 987 2759 aut
1020 2687 1273 2759 vicinis
1308 2686 1491 2784 (esto
1535 2712 1669 2784 pro
1710 2687 1980 2785 justitia
2013 2709 2139 2757 sua
2172 2682 2466 2769 tuenda,
2506 2696 2578 2754 et

427 2802 627 2875 nulla
671 2827 801 2875 sua
840 2803 1052 2900 culpa
1084 2804 1196 2874 vel
1230 2804 1491 2899 injuria
1525 2804 1864 2900 cuiquam
1915 2803 2250 2897 irrogata,
2303 2813 2382 2869 ut
2427 2798 2577 2896 ple-

426 2945 735 3015 rumque
764 2921 1053 3015 assolet)
1084 2921 1308 2991 factus
1341 2920 1733 3015 aliquando
1767 2920 1976 2991 suerit
2008 2943 2290 3010 exosu5,
2324 2916 2578 3015 procul

428 3036 684 3127 dubio,
724 3063 855 3136 per
885 3039 1101 3108 talem
1135 3038 1541 3132 inquestam
1587 3052 1658 3107 et
1703 3037 2087 3108 hominum
2123 3037 2570 3121 relationem,

429 3154 756 3251 quamvis
804 3153 982 3223 nihil
1036 3154 1127 3225 de
1179 3154 1343 3224 facti
1389 3152 1681 3224 veritate
1729 3177 1801 3223 se
1851 3154 2028 3223 scire
2063 3152 2452 3241 affirment,
2493 3175 2577 3220 ex

430 3270 585 3341 sola
618 3294 871 3340 eorum
922 3268 1337 3340 credulitate
1395 3266 1858 3339 damnabitur
1910 3268 2002 3339 ad
2053 3280 2385 3355 mortem,
2445 3290 2578 3336 nec

432 3386 581 3455 ullo
617 3386 1114 3484 appellationis
1151 3384 1469 3456 remedio
1508 3410 1633 3455 seu
1666 3409 1799 3481 pro
1843 3407 2304 3479 quocumque
2338 3405 2578 3477 grava-

433 3504 655 3595 mine,
686 3502 821 3574 sibi
848 3517 1014 3575 ante
1039 3502 1491 3574 diffinitivam
1529 3528 1655 3573 seu
1684 3517 1843 3599 post
1873 3527 2001 3600 per
2034 3500 2362 3573 eamdem
2393 3498 2575 3572 diffi-

434 3620 734 3691 nitivam
771 3621 991 3709 illato,
1036 3618 1404 3690 subveniri
1445 3620 1509 3690 ei
1544 3622 1833 3717 poterit.

536 3736 751 3827 Quis,
821 3761 1096 3833 quaeSO,
1171 3736 1304 3805 nisi
1366 3736 1742 3832 insipienS,
1822 3733 1954 3805 sub
2011 3736 2129 3806 tali
2207 3735 2453 3830 iniqua
2509 3748 2580 3804 et

441 3853 1033 3948 perniciosissima
1100 3851 1253 3945 lege
1308 3852 1545 3921 vivere
1602 3876 1751 3922 non
1814 3851 2102 3921 horreat
2167 3867 2236 3921 et
2303 3865 2582 3921 contre-

442 3970 727 4055 miscat,
768 3985 839 4039 et
872 3970 1235 4065 potissime
1272 3967 1471 4062 quia,
1516 3981 1593 4035 ut
1632 3967 2060 4064 plurimum,
2102 3993 2186 4035 ex
2228 3967 2578 4062 iniquissi-

443 4091 577 4159 mis
620 4088 1076 4179 hominibuS,
1144 4090 1379 4159 omnis
1414 4088 1593 4182 juris
1641 4088 1924 4183 penitus
1978 4087 2264 4181 ignaris,
2320 4084 2580 4157 talibus

445 4207 734 4296 officiis,
786 4208 889 4277 uti
934 4205 1277 4297 diximus,
1330 4203 1772 4301 providetur,
1824 4204 1946 4298 qui
2007 4226 2092 4273 ea
2145 4203 2579 4299 frequentius
