3400 5417
68 881 78 888 .
48 759 78 828 ‘123

1059 555 1280 613 LIBER
1321 555 1622 613 thms.
2287 558 2397 615 261

269 685 576 756 manniae
611 685 688 755 in
713 700 978 758 sortem
1014 685 1532 758 haereditariam
1569 685 2031 781 tradidisset¹,
2070 705 2139 761 et
2170 691 2407 788 pluri-.

267 825 469 871 mum
501 800 804 872 adaucta
872 816 977 874 est
1039 817 1111 873 et
1180 801 1674 875 vehementius
1745 805 2139 877 incanduit.
2221 809 2403 879 Cum

265 915 460 986 enim
510 915 1069 1012 Rothomagum,
1122 919 1338 989 totius
1368 920 1755 1016 provinciae
1786 923 2283 1020 metropolim,
2338 939 2409 996 et

264 1029 573 1127 plurima
633 1033 1103 1105 munitissima
1154 1035 1396 1132 patriae
1448 1036 1718 1133 oppida
1740 1093 1761 1128 ,
1811 1052 1884 1108 et
1935 1063 2093 1135 quae
2146 1038 2220 1109 in
2258 1063 2408 1112 ora

265 1146 623 1218 maritima
673 1162 746 1218 et
789 1171 950 1244 quae
979 1150 1166 1222 intra
1197 1164 1420 1222 terras
1468 1153 1903 1245 consistunt,
1938 1155 2157 1225 veluti
2189 1155 2407 1252 Diep-

265 1287 435 1362 pam
457 1319 478 1354 ,
517 1266 963 1339 Hareflutum
997 1283 1209 1365 atque
1248 1269 1771 1340 Honnessutum
1804 1269 1997 1341 idem
2035 1270 2217 1365 regis
2255 1294 2409 1364 ger·

265 1403 524 1452 manus
570 1381 721 1478 jam
773 1397 1024 1455 nactus
1074 1398 1256 1456 esset
1311 1397 1526 1481 atque
1579 1384 1976 1483 possideret
1998 1438 2018 1474 ‚
2071 1400 2142 1456 et
2188 1385 2413 1457 Brito-

265 1519 442 1567 num
498 1496 879 1591 exercituS,
939 1498 1033 1571 ad
1103 1497 1548 1596 recipiendas
1606 1514 1891 1571 caeteras
1955 1499 2271 1571 civitates
2340 1514 2413 1571 et

263 1609 535 1708 oppida
595 1614 1050 1685 transmissus
1068 1670 1086 1706 ,
1159 1615 1564 1685 universam
1619 1613 2067 1710 provinciam
2136 1614 2411 1712 perlus-

265 1739 519 1818 traret,
590 1752 759 1800 cum
791 1726 887 1800 ab
938 1729 1038 1800 eis
1094 1729 1339 1801 civitas
1373 1752 1535 1802 mea
1584 1729 1846 1802 vallata
1874 1728 2092 1818 foret,
2141 1729 2217 1800 in
2264 1753 2411 1825 qua

264 1867 397 1941 pro
429 1867 596 1941 rege
631 1843 829 1917 nulla
871 1859 1044 1916 tunc
1087 1858 1291 1917 erant
1329 1843 1638 1916 militum
1681 1843 2010 1943 praesidia
2055 1867 2098 1915 a
2148 1843 2411 1940 quibus

264 1974 519 2032 contra
573 1960 720 2030 vim
777 1958 1262 2033 obsidentium
1317 1959 1608 2032 defendi
1661 1959 2026 2050 vaJuisset,
2086 1977 2409 2057 essetque

254 2077 408 2172 jam
457 2074 729 2172 ubique
764 2074 1216 2172 diffamatum
1250 2091 1322 2149 et
1358 2076 1728 2148 notorium
1787 2073 1988 2171 quod
2026 2098 2149 2146 rex
2188 2075 2409 2148 duca-

263 2206 417 2262 tum
460 2193 696 2290 ipsum
740 2192 976 2264 eidem
1031 2218 1161 2265 suo
1218 2193 1414 2265 fratri
1467 2193 1686 2264 unico
1740 2190 2173 2287 reliquisset,
2238 2215 2409 2262 cum

263 2309 741 2406 plurimorum
797 2309 1105 2382 militum
1176 2325 1248 2381 et
1307 2307 1666 2381 nobilium
1733 2307 1974 2406 patriae
1998 2362 2019 2396 ,
2077 2306 2202 2403 qui
2263 2305 2409 2377 illic

263 2426 562 2501 aderant
605 2441 677 2500 et
717 2427 810 2500 ad
861 2429 1216 2502 civitatem
1275 2430 1502 2526 ipsam
1539 2442 1610 2500 et
1652 2426 1746 2498 ad
1793 2449 1910 2498 me
1944 2424 2037 2496 de
2082 2423 2407 2521 pluribus

264 2543 440 2615 locis
494 2543 999 2640 confugerant,
1065 2543 1368 2616 consilio
1414 2559 1487 2616 et
1530 2566 1823 2615 assensu
1873 2540 2196 2637 ejusdem
2242 2541 2411 2612 civi·

262 2659 424 2730 tatis
488 2657 934 2732 deditionem
995 2662 1278 2732 noviter
1344 2658 1753 2731 advenienti
1807 2657 2016 2729 nobis
2077 2657 2244 2727 duci
2307 2657 2406 2729 sa·

262 2776 597 2848 ciendam
638 2777 998 2848 duximuS.
1051 2781 1336 2852 Certum
1385 2777 1580 2849 enim
1621 2773 1834 2846 nobis
1877 2773 2209 2845 effectum
2259 2789 2412 2845 erat

261 2891 370 2962 vel
443 2895 727 2990 penitus
798 2889 1284 2963 indubitatum
1354 2889 1733 2964 tenebatur
1819 2889 2407 2984 verissimumque

261 3024 413 3079 erat
482 3033 755 3104 regem,
827 3022 908 3079 ut
968 3007 1311 3100 diximus,
1380 3008 1728 3080 ducatum
1782 3008 1931 3101 jam
2003 3007 2198 3077 fratri
2275 3031 2407 3076 suo

263 3125 657 3197 tradidisse.
735 3129 918 3197 Nam
982 3138 1056 3198 et
1121 3127 1531 3223 capitaneus
1590 3138 1851 3195 nostra}
1900 3122 2200 3191 civitatis
2267 3121 2410 3190 hoc

265 3243 479 3313 nobis
510 3244 908 3339 scripserat,
939 3245 1088 3338 qui,
1115 3243 1208 3315 ad
1235 3257 1545 3340 quatuor
1573 3254 1696 3312 aut
1732 3240 2053 3336 quinque
2083 3239 2407 3308 milliaria

265 3378 492 3450 prope
548 3355 924 3425 transitum
987 3355 1282 3444 sacienS,
1347 3352 1688 3424 Falesiam
1739 3349 1829 3420 de
1878 3349 2181 3418 Parisius
2238 3372 2405 3443 pro-

265 3468 585 3565 perabat.
656 3468 878 3565 quue
953 3470 1165 3541 etiam
1221 3494 1409 3539 unus
1480 3491 1865 3564 generosus
1938 3464 2180 3553 mileS,
2278 3461 2408 3530 do·

265 3585 504 3656 minus
559 3584 980 3656 Guillelmus
1059 3585 1149 3655 de
1225 3581 1782 3654 Trousseazwille
1811 3585 1857 3670 ²,
1927 3579 2265 3650 similiter·
2318 3577 2409 3646 de

271 3700 574 3770 Parisius
639 3702 969 3791 venienS,
1044 3700 1440 3787 asserebat,
1503 3698 1866 3769 affirmans
1926 3720 2092 3764 cum
2178 3717 2409 3763 sacra-

348 3922 407 3980 1.
456 3917 913 3979 Octobre1465.

349 4017 409 4074 2.
457 4014 784 4072 Guillaume
843 4014 915 4071 de
969 4015 1466 4083 Trousseauvillm
1524 4013 1797 4091 seigneur
1855 4013 1928 4070 de
1986 4011 2410 4090 GarguesalleS.

273 4108 512 4184 D'aprcs
557 4107 708 4165 deux
743 4108 970 4166 cedules
1008 4109 1080 4165 dc
1117 4109 1228 4176 lui,
1272 4108 1370 4183 qui
1400 4119 1529 4164 sont
1565 4127 1638 4164 au
1671 4106 1911 4165 Cabinet
1942 4106 2041 4162 des
2071 4106 2228 4161 titrcs
2258 4105 2329 4160 de
2360 4105 2413 4161 la

269 4200 420 4258 Bibl.
459 4203 629 4280 imp„
661 4203 698 4258 il
735 4203 1122 4260 commandait
1166 4223 1235 4258 cn
1276 4205 1432 4259 1468
1472 4214 1527 4257 et
1560 4205 1714 4258 1469
1754 4203 1837 4258 les
1880 4221 2018 4278 gens
2062 4201 2133 4255 de
2170 4197 2300 4254 trait
2342 4197 2414 4253 de

268 4296 677 4354 l'arriere-ban
710 4299 1153 4370 conjointement
1187 4318 1327 4354 avec
1357 4318 1436 4353 un
1466 4296 1866 4354 delachement
1903 4296 1974 4350 de
2003 4295 2165 4371 vingt
2195 4295 2403 4352 lances
