3400 5417
1224 542 1450 599 unm
1484 540 1785 599 PRIMUS.
2463 540 2578 597 329

436 675 644 750 multi
696 676 913 748 etiam
969 675 1060 747 de
1119 675 1509 770 conjuratis
1557 690 1629 745 et
1668 673 2202 773 capitalioribus
2256 674 2583 748 factionis

434 793 851 867 auctoribus
868 845 890 881 ,
953 806 1201 889 postea
1252 791 1327 861 in
1384 791 1682 886 gratiam
1743 789 1835 862 ab
1885 791 2041 889 ipso
2097 816 2260 886 rege
2316 794 2580 890 recepti

434 926 629 1003 sunt,
667 911 960 1007 ejusque
992 931 1143 980 non
1185 906 1411 979 modo
1444 906 1926 999 clementiam,
1971 931 2222 978 verum
2267 922 2338 978 et
2367 906 2583 978 bene·

436 1026 801 1099 ficentiam
831 1049 915 1097 ac
939 1021 1433 1097 liberalitatem
1462 1024 1760 1120 experti,
1793 1024 2070 1119 magnis
2101 1021 2194 1095 ab
2226 1047 2314 1095 eo
2350 1024 2582 1097 hono·

436 1142 637 1213 ribus
672 1156 885 1238 atque
916 1138 1338 1211 muneribus
1364 1138 1612 1210 donati
1646 1152 1813 1209 sunt
1844 1152 1913 1209 et
1950 1137 2289 1211 sublimes
2318 1138 2573 1211 effecti.

539 1262 869 1332 Fatemur
901 1256 1193 1352 quidem
1230 1255 1374 1327 hoc
1410 1255 1672 1352 ipsum,
1714 1278 1848 1327 nec
1879 1253 2167 1327 infitiari
2202 1279 2583 1353 possumus

436 1374 764 1471 plurimis
811 1372 997 1445 hanc
1047 1387 1313 1445 sortem
1371 1372 1784 1467 contigisse,
1848 1371 2274 1468 plerumque
2323 1371 2584 1443 talibus

436 1516 622 1587 quos
644 1490 908 1563 idonea
934 1491 1406 1562 instrumenta
1436 1514 1561 1561 seu
1590 1489 1982 1560 ministeria
2005 1503 2392 1587 reputaret,
2424 1515 2584 1586 quae

436 1605 532 1678 ad
567 1605 1088 1704 perficiendum
1118 1630 1280 1678 suas
1312 1604 1758 1677 damnabiles
1790 1605 2213 1703 cupiditates
2253 1603 2390 1677 sibi
2422 1607 2581 1677 usui

438 1746 590 1792 esse
638 1737 954 1819 possent.
1020 1722 1157 1794 Sed
1211 1746 1361 1793 non
1411 1747 1499 1792 eo
1552 1722 1831 1815 minuS,
1889 1723 2225 1793 novimus
2279 1736 2354 1793 et
2405 1722 2583 1794 alios

438 1838 897 1933 quamplures
934 1837 1197 1933 quibus
1236 1839 1373 1910 alia
1412 1862 1706 1935 prorsus
1751 1861 1905 1909 sors
1954 1835 2247 1932 obtigit,
2287 1838 2438 1933 qui,
2480 1840 2584 1910 in·

436 1950 819 2047 dulgentiis
863 1953 1008 2023 suis
1051 1968 1265 2049 atque
1302 1950 1817 2024 abolitionibus
1856 1952 2013 2023 freti
2059 1966 2207 2023 tam
2245 1953 2584 2049 plenariis

436 2082 727 2166 tamque
793 2071 1173 2167 expressiS,
1241 2085 1593 2166 quantum
1662 2094 1866 2141 mens
1926 2068 2243 2140 hominis
2307 2069 2584 2141 solertis

434 2184 657 2256 ferme
690 2185 1090 2281 excogitare
1123 2199 1397 2283 posset,
1447 2185 1538 2255 de
1578 2184 1820 2279 eisque
1860 2182 2155 2275 confisi,
2196 2207 2346 2254 non
2389 2186 2584 2257 aliud

434 2322 653 2398 quam
712 2299 1235 2373 irremediabile
1295 2301 1589 2371 exitium
1645 2301 2112 2387 invenerunt,
2174 2298 2293 2369 alii
2352 2301 2585 2398 capite

433 2413 621 2511 plexi
671 2429 740 2483 et
773 2414 1044 2505 laniati,
1083 2414 1203 2486 alii
1233 2436 1586 2509 aquarum
1634 2412 2029 2509 gurgitibus
2062 2413 2424 2507 suffocati,
2463 2416 2581 2486 alii

433 2532 509 2600 in
548 2529 790 2605 exsilia
829 2545 955 2603 aut
992 2554 1313 2603 carceres
1352 2531 1526 2602 trusi
1569 2545 1636 2601 et
1689 2529 1986 2603 detenti.
2026 2532 2222 2616 Quas
2261 2530 2581 2603 fortunas

436 2646 733 2717 minime
762 2647 1249 2738 incurrissent,
1290 2647 1425 2717 nisi
1461 2646 1679 2717 fidem
1710 2648 1919 2743 regiis
1948 2646 2187 2740 gratiis
2221 2660 2292 2716 et
2319 2649 2580 2717 securi—

438 2762 701 2835 tatibus
758 2765 1262 2860 praestitissent.
1328 2763 1669 2834 Consulte
1727 2762 2020 2859 quidem
2081 2763 2418 2859 praecepit
2475 2788 2582 2835 sa-

434 2880 640 2976 piens
674 2908 690 2951 :
737 2911 771 2945 <t
813 2884 974 2951 Non
1013 2878 1338 2950 confidas
1372 2878 1667 2949 inimico
1713 2892 1841 2948 tuo
1885 2878 1959 2948 in
2001 2892 2370 2950 aeternum.
2421 2907 2457 2947 »
2495 2884 2582 2951 Et

434 2997 607 3066 item
649 3022 663 3063 :
711 3024 747 3062 «
788 2998 1027 3088 Longe
1062 2993 1309 3065 abesto
1344 2991 1436 3065 ab
1471 2993 1770 3064 homine
1803 2991 2117 3065 habente
2159 3009 2579 3091 potestatem

438 3114 812 3187 occidendi
840 3130 935 3207 te,
978 3131 1049 3186 et
1079 3140 1231 3187 non
1269 3114 1741 3211 suspicaberis
1774 3129 2044 3185 metum
2080 3115 2351 3186 mortis,
2394 3142 2428 3181 κ

536 3232 729 3319 Quid
757 3233 951 3303 enim
978 3232 1274 3307 remedii
1306 3231 1587 3303 afferret
1626 3228 1837 3300 nobis
1871 3231 2069 3326 quod
2103 3231 2307 3301 multi
2343 3255 2578 3325 regem

435 3348 861 3446 placabilem
893 3363 963 3422 et
998 3349 1421 3420 clementem
1456 3350 1909 3433 invenerunt,
1943 3346 2069 3419 ubi
2093 3371 2259 3417 eum
2285 3371 2574 3435 saevum,

439 3480 712 3537 trucem
757 3483 971 3563 atque
1021 3466 1548 3563 implacabilem
1587 3464 2168 3537 offenderemus?
2223 3466 2361 3536 Sed
2413 3491 2575 3536 cum

440 3583 611 3679 ipsi,
680 3596 757 3653 ut
806 3584 1201 3674 retulimuS,
1239 3584 1390 3678 ejus
1421 3584 1831 3680 plenissima
1864 3582 2238 3653 securitate
2269 3581 2534 3653 suffulti
2555 3638 2573 3671 ,

438 3696 884 3767 confidenter
931 3697 1025 3769 ad
1072 3698 1519 3769 clementiam
1577 3722 1780 3768 suam
1832 3696 2180 3768 redeundi
2223 3697 2372 3792 jam
2406 3698 2577 3767 olim

437 3836 691 3883 ausum
727 3814 1245 3909 acceperimUS,
1295 3815 1651 3907 talemque
1695 3812 1911 3884 fidem
1937 3870 1953 3902 ,
2007 3813 2292 3910 qualem
2335 3814 2578 3883 retuli-

438 3954 599 3999 mus
633 3929 842 4001 nobis
888 3945 1271 4017 servatam,
1320 3946 1762 4027 compertam
1799 3932 2057 4001 totiens
2087 3928 2573 4017 habuerimuS,

438 4044 599 4139 quis
636 4069 805 4115 sana
839 4060 1075 4116 mente
1110 4046 1479 4115 consulere
1518 4045 1810 4116 auderet
1855 4062 1932 4115 ut
1971 4047 2226 4114 iterum
2262 4044 2394 4113 sub
2427 4045 2578 4138 ejus

440 4158 657 4229 fidem
687 4185 817 4229 nos
846 4162 1288 4230 committere
1309 4160 1723 4250 debeamus,
1757 4162 1956 4256 cujus
1981 4162 2190 4232 etiam
2212 4160 2574 4229 saeviorein

440 4288 651 4369 atque
676 4275 1129 4349 immitiorem
1168 4278 1487 4349 animum
1518 4278 1890 4350 adversum
1921 4302 2081 4353 nos,
2115 4276 2338 4345 multo
2359 4300 2573 4369 quam
