3400 5417
1060 470 1278 525 LIBER
1318 466 1619 527 PRIMUS.
2279 468 2392 523 339

258 601 764 673 imminentem
828 598 1394 697 persecutionem
1458 596 1924 696 corporaliter
1979 597 2394 695 parochiam

258 716 590 788 deserere
611 772 631 809 ,
684 729 755 786 et
797 713 890 786 ad
938 712 1157 785 alium
1205 736 1535 785 securum
1588 712 1833 785 locum
1885 736 1960 783 se
2017 712 2389 785 conferre:

259 861 681 934 quanquam
726 835 904 905 nihil
957 832 1424 905 dubitationis
1479 831 1744 905 habeat
1795 832 1972 930 quin
2016 832 2158 906 hoc
2205 834 2396 907 licite

259 954 489 1051 possit
512 1008 531 1044 ,
591 951 719 1024 ubi
768 952 963 1022 solus
1012 964 1255 1049 pastor
1309 949 1843 1048 persequendus
1897 949 2233 1046 quaeritur
2283 952 2398 1023 vel

262 1068 736 1140 verisimiliter
789 1068 1262 1165 praesumitur,
1323 1082 1393 1137 et
1446 1090 1576 1164 per
1628 1068 1806 1139 alios
1858 1067 2119 1140 idonee
2174 1069 2399 1165 gregis

260 1185 613 1257 dominici
649 1183 856 1258 saluti
888 1183 1302 1281 providetur
1328 1197 1400 1255 et
1430 1183 1849 1255 consulitur.

900 1489 1417 1561 CAPITULUM
1491 1490 1712 1558 XXVI
1721 1540 1741 1559 .

382 1706 621 1773 Qualiter
647 1704 701 1755 vi
723 1701 941 1775 praecisa
964 1700 1185 1755 ecclesia
1208 1713 1260 1753 et
1282 1699 1453 1771 patria
1476 1699 1665 1771 procul
1688 1700 1870 1785 abesse
1894 1697 2061 1751 coacti
2087 1718 2284 1752 sumus.

364 1898 656 1971 Notoria
689 1895 979 1992 quidem
1017 1893 1147 1964 fuit
1178 1907 1249 1965 et
1278 1905 1382 1962 est
1420 1907 1894 1988 tyrannorum
1930 1894 2324 1989 oppressi0,
2360 1917 2402 1965 a

261 2015 527 2113 quibus
559 2012 928 2113 provincia
954 2006 1501 2080 lamentabiliter
1528 2023 1596 2078 et
1629 2032 1830 2104 paene
1867 2007 2404 2079 intolerabiliter

259 2133 599 2227 affligitur
639 2144 710 2201 et
754 2128 1129 2214 laceratur,
1158 2135 1436 2195 ‘contra
1488 2147 1708 2219 quam
1757 2148 1800 2194 a
1851 2123 2089 2193 multis
2143 2140 2404 2196 morta-

260 2249 479 2337 lium,
544 2261 615 2317 et
670 2247 752 2316 iis
796 2244 1187 2341 plurimum
1234 2240 1357 2336 qui
1410 2239 1834 2311 oculatiores
1892 2255 2106 2336 atque
2161 2242 2232 2311 in
2289 2243 2402 2312 his

262 2364 477 2435 rebus
525 2361 859 2434 humanis
895 2355 1425 2429 aestimabantur
1476 2354 2014 2452 prudentiores,
2055 2357 2255 2452 quasi
2291 2357 2399 2428 di·

264 2481 527 2551 vinitus
561 2479 792 2551 aditus
826 2472 1304 2547 arbitrabatur
1330 2486 1399 2541 et
1445 2470 1870 2542 credebatur
1901 2487 2211 2569 apertUS,
2256 2488 2400 2545 tam

265 2596 563 2668 immani
609 2610 677 2666 et
724 2592 1149 2664 calamitosae
1204 2588 1649 2685 oppressioni
1695 2613 1824 2684 per
1875 2588 2193 2658 medium
2247 2616 2401 2684 ger-

264 2716 461 2786 mani
496 2714 676 2808 regis
714 2712 857 2806 (cui
912 2715 1103 2779 Deus
1134 2732 1284 2777 esse
1319 2705 1666 2803 propitius
1709 2704 2068 2800 dignetur)
2112 2722 2181 2777 et
2214 2708 2403 2779 illus-

263 2833 479 2902 trium
528 2830 933 2928 principum
990 2824 1206 2894 totius
1256 2822 1451 2915 regni
1519 2845 1729 2917 posse
1783 2821 2083 2913 mederi,
2147 2838 2218 2893 et
2267 2851 2398 2922 op-

262 2950 519 3047 pressis
581 2943 968 3017 subveniri.
1039 2944 1199 3025 Qua
1262 2962 1385 3033 spe
1446 2936 1599 3005 freti
1656 2950 1727 3005 et
1792 2937 1855 3005 ei
1920 2938 2185 3027 innixi,
2247 2941 2400 3011 zelo

262 3066 569 3135 caritatis
596 3117 612 3149 ,
649 3084 861 3157 quam
908 3071 1067 3153 post
1104 3060 1333 3125 Deum
1380 3051 1471 3122 ad
1506 3053 1806 3147 patriam
1855 3055 2238 3125 maximam
2273 3057 2400 3127 ha-

260 3181 539 3265 bemus,
574 3176 905 3275 permoti,
946 3186 1022 3241 ut
1058 3168 1329 3239 miseris
1360 3168 1447 3236 de
1482 3167 1744 3236 auxilio
1780 3184 2193 3263 opportuno
2231 3174 2396 3244 sub-

263 3300 652 3388 veniretur,
692 3320 837 3365 non
889 3288 1372 3361 dubitavimus
1405 3310 1487 3354 ex
1522 3284 1821 3354 adverso
1859 3310 2022 3353 cum
2062 3287 2175 3379 iis,
2214 3315 2396 3385 quos

260 3418 473 3489 simili
509 3417 761 3487 ductos
795 3412 1082 3482 caritate.
1133 3402 1683 3493 arbitrabamur,
1736 3405 2117 3474 ascendere
2158 3424 2228 3478 et
2262 3435 2395 3482 nos

261 3559 551 3605 murum
603 3528 1032 3601 defensionis
1069 3545 1436 3620 opponere
1470 3544 1601 3616 pro
1645 3518 1865 3591 domo
1904 3523 2134 3593 lsrael.
2178 3528 2392 3611 Quod

258 3665 451 3721 certe
498 3674 644 3719 non
703 3647 851 3715 sine
899 3665 1161 3735 magno
1206 3637 1451 3733 capitis
1503 3635 1907 3706 discrimine
1959 3639 2386 3731 agebamus;

258 3768 383 3838 sed
408 3826 425 3859 ,
468 3782 540 3836 ut
578 3780 778 3835 vetus
812 3760 1129 3831 comicus
1180 3756 1277 3825 ait
1313 3782 1326 3821 :

398 3933 541 3995 Non
576 3930 643 3992 fit
672 3929 804 3992 sinc
840 3922 1075 4014 periclo
1108 3919 1347 3983 fucinus
1374 3940 1674 4005 magnum
1700 3932 1762 3978 et
1791 3919 2230 3982 memorabile.

267 4105 343 4169 ln
402 4122 547 4191 quo
613 4089 953 4161 obeundo
1026 4086 1178 4153 vitae
1244 4081 1556 4178 periculo
1620 4105 1752 4176 pro
1803 4081 2024 4175 patria
2091 4097 2160 4149 et
2215 4085 2390 4153 rele-

263 4227 600 4285 vamento
640 4210 1058 4278 miserorum
1109 4226 1147 4269 a
1206 4199 1416 4268 tantis
1473 4196 2095 4291 oppressi‹)11il)us‚
2141 4201 2390 4269 caritas
