3400 5417
1099 450 1323 507 unm
1360 450 1643 511 snst
1652 497 1664 509 .
2343 459 2369 514 1
2384 458 2410 513 1
2425 460 2458 513 7

426 584 691 652 Verum
720 605 888 653 cum
912 605 1000 653 ea
1027 605 1219 653 nova
1244 583 1566 679 tyrannis
1588 583 1988 679 insignibus
2014 586 2152 659 illis
2176 588 2461 685 oppidis

323 711 392 768 et
428 695 695 769 accolis
744 694 1160 769 Brabantiae‘
1185 712 1257 767 et
1290 697 1669 770 comitatus
1719 702 2218 774 Namurcensis
2255 703 2464 777 inno-

323 814 591 902 tuisset,
615 813 1087 909 intelligentes
1109 814 1349 887 statim
1380 815 1575 886 exitii
1608 815 1852 913 patriae
1880 841 2020 889 suae
2045 817 2462 915 impendere

322 929 711 1002 discrimen
734 984 756 1019 ‚
816 930 953 1003 nisi
1007 932 1333 1028 protinus
1358 985 1375 1020 ‚
1439 932 1639 1029 quod
1699 933 1972 1007 eisdem
2038 931 2464 1009 imminebat

322 1045 739 1121 incendium
762 1099 781 1135 ,
855 1061 1243 1143 antequam
1299 1048 1605 1144 majores
1660 1066 1973 1124 sumeret
2047 1053 2233 1124 vires
2271 1106 2290 1142 ,
2349 1054 2464 1127 vel

322 1163 710 1260 praevenire
764 1162 877 1236 vel
922 1162 1277 1237 suffocare
1320 1180 1655 1237 curarent
1672 1219 1691 1256 ‚
1741 1168 1980 1240 statim
2023 1192 2192 1241 cum
2226 1168 2463 1241 valida

322 1304 539 1352 manu
576 1280 655 1351 in
684 1304 894 1379 agros
944 1280 1373 1354 Leodienses
1404 1282 1735 1354 exierunt
1756 1336 1776 1372 ,
1813 1298 1886 1355 et
1928 1284 2003 1355 in
2051 1285 2300 1383 primis
2335 1309 2464 1384 op-

322 1393 569 1491 pidum
629 1397 719 1468 de
786 1396 1106 1485 Hasselt,
1167 1396 1706 1493 Brabantigenis
1755 1414 1829 1470 et
1882 1400 2249 1531 potissime
2293 1406 2462 1473 Bur·

323 1511 807 1623 gundionibus
850 1510 1058 1585 valde
1109 1510 1495 1602 infestum,
1547 1512 1672 1584 ubi
1708 1538 1752 1587 a
1785 1528 2091 1612 tyranno
2123 1517 2274 1613 jam
2309 1520 2459 1590 col-

322 1626 547 1699 locata
596 1627 963 1725 praesidia¹
1008 1626 1441 1717 ferebantur,
1496 1629 1780 1719 adorti,
1836 1631 2073 1730 ipsum
2121 1632 2461 1706 violentia

322 1762 802 1843 expugnatum
842 1748 1283 1843 irrumpunt,
1326 1760 1398 1816 et
1429 1746 1621 1818 caesis
1659 1770 1746 1819 ex
1786 1762 1985 1846 parte
2023 1772 2286 1844 magna
2317 1750 2460 1821 loci

322 1859 590 1933 civibus
619 1876 693 1933 et
722 1862 987 1936 accolis
1010 1862 1049 1951 ‚'
1074 1860 1482 1950 bonorum,
1521 1886 1679 1958 quae
1716 1862 1858 1935 illic
1893 1863 2106 1935 etiam
2153 1865 2460 1936 inveniri

320 1976 817 2073 exportarique
875 1991 1265 2074 potuerunt
1294 2030 1311 2063 ,
1389 1975 1572 2047 facta
1628 1974 2074 2074 direptione,
2151 1978 2459 2050 flammis

321 2090 701 2163 voracibus
735 2092 810 2162 in
852 2091 1125 2163 favillas
1165 2106 1237 2161 et
1271 2091 1545 2162 cineres
1575 2092 2027 2164 tradiderunt
2057 2108 2270 2189 atque
2303 2094 2458 2165 reli-

321 2210 688 2303 querunt’.

409 2324 665 2395 Statim
694 2324 911 2395 etiam
939 2322 1291 2421 oppidum
1314 2322 1938 2394 Sancti-Trudonis
1959 2325 1980 2361 ⁸
2012 2323 2455 2397 deditionem

323 2452 385 2508 et
414 2439 625 2537 plura
650 2439 789 2512 alia
821 2440 1090 2537 oppida
1125 2438 1486 2532 fecerunt3
1532 2463 1687 2535 quae
1735 2440 1912 2510 tristi
1961 2443 2291 2538 exemplo
2341 2468 2454 2514 ex-

321 2554 479 2625 cidii
505 2556 599 2627 de
644 2556 928 2626 Hasselt
976 2555 1311 2627 deterrita
1352 2570 1421 2627 et
1470 2554 1837 2626 collocatis
1870 2556 1945 2625 in
1981 2557 2083 2627 eis
2115 2559 2454 2653 praesidiis

321 2670 609 2741 minime
654 2694 826 2742 ausa
860 2684 1027 2741 sunt
1063 2669 1453 2741 confidere.
1489 2669 1861 2766 Oppidum
1889 2670 2107 2741 etiam
2145 2670 2445 2761 Bilsen‘,

321 2782 435 2852 ubi
487 2800 644 2856 erat
667 2838 685 2873 ,
736 2799 819 2855 ut
864 2783 1245 2873 ferebatur,
1307 2784 1718 2881 praesidium
1757 2783 2037 2855 circiter
2089 2802 2453 2857 sexcento-

320 2922 469 2969 rum
504 2901 985 2989 Clivensium,
1042 2922 1225 2995 quos
1276 2901 1350 2971 in
1402 2900 1744 2971 auxilium
1791 2900 2078 2994 tyranni
2133 2901 2448 2995 sacrilegi

320 3014 452 3095 dux
510 3017 861 3089 Clivensis
906 3016 1335 3104 destinarat,
1392 3017 1462 3085 vi
1526 3031 2052 3111 expugnatum,
2110 3015 2448 3088 incendio

319 3131 554 3203 datum
593 3148 745 3222 est,
784 3133 979 3204 caesis
1018 3157 1060 3204 e
1095 3129 1541 3203 Clivensibus
1577 3146 1649 3202 et
1691 3131 1849 3202 aliis
1886 3131 2010 3225 qui
2055 3131 2130 3200 in
2166 3155 2253 3200 eo
2286 3132 2446 3203 loco

317 3248 577 3319 inventi
625 3263 791 3319 sunt
818 3251 959 3317 ⁶....
1002 3246 1445 3344 Oppidulum
1480 3270 1654 3315 vero
1691 3246 2112 3340 Maeseyvk‘
2141 3246 2214 3315 in
2254 3246 2450 3317 dedi-

322 3365 580 3437 tionem
612 3380 776 3462 post
810 3364 953 3435 hoc
991 3365 1228 3435 statim
1257 3378 1362 3435 est
1398 3377 1793 3459 receptum.

391 3533 417 3586 1
436 3578 449 3591 .
494 3536 606 3591 Ms.
641 3536 926 3589 collocatis
950 3534 1260 3609 praesidiis.

392 3628 448 3682 2.
498 3630 571 3684 13
604 3624 931 3705 septembre
962 3630 1139 3685 1482.

392 3719 447 3775 3.
492 3721 838 3779 saint-Trou
871 3719 1027 3778 avait
1050 3721 1150 3778 fait
1176 3738 1239 3777 sa
1268 3718 1609 3778 soumission
1640 3710 1829 3779 des'le
1861 3724 1896 3778 4
1926 3718 2270 3799 septembre.

398 3818 451 3872 ῑι.
495 3820 546 3873 Α
573 3814 715 3873 trois
738 3813 917 3871 lieues
946 3814 1017 3871 de
1042 3814 1397 3871 Maestricht.
1438 3816 1520 3870 La
1560 3813 1711 3890 prise
1741 3814 1813 3870 de
1843 3826 1992 3871 cette
2021 3814 2182 3891 place
2211 3826 2305 3869 eut
2336 3812 2443 3869 lieu

320 3904 611 3985 beaucoup
638 3907 769 3985 plus
798 3906 956 3977 tard,
986 3906 1041 3963 le
1070 3910 1143 3961 17
1174 3905 1385 3963 sevrier
1414 3908 1590 3963 1483.

395 4004 450 4059 5.
494 4006 576 4060 Le
606 4000 849 4059 nombre
876 4001 975 4058 des
1012 4014 1218 4070 mom,
1261 4000 1513 4077 quoique
1552 4002 1816 4055 annonce
1857 4020 1961 4075 par
1989 4000 2043 4057 la
2073 4012 2350 4057 totu-nure
2376 3997 2444 4053 de

320 4093 369 4149 la
396 4096 631 4173 phrase,
664 4114 698 4151 a
731 4096 818 4153 ete
852 4095 1018 4153 omiS.

397 4198 449 4247 6.
498 4192 793 4266 Maseyck‚
824 4190 1164 4249 au-dessous
1195 4190 1264 4246 de
1290 4186 1638 4246 Maestricht.
