3400 5417
1022 557 1241 619 LIBER
1284 560 1587 619 SEXTUS.
2006 567 2034 611 ‘'-
2282 568 2358 625 35

242 688 633 789 bellicoque
651 707 1031 792 apparatu,
1056 692 1470 788 hujusmodi
1488 707 1840 765 terrarum
1858 695 2126 793 oppida
2151 689 2362 769 occu-

244 828 438 902 pare,
470 828 631 902 quae
660 829 797 879 nec
824 806 1164 907 praesidiis
1204 807 1512 879 militum
1551 809 1862 899 munita,
1903 833 2036 882 nec
2067 833 2361 885 annona

240 920 325 992 ad
355 922 656 1017 longum
688 936 969 1021 tempus
1002 923 1353 996 ullatenus
1383 924 1706 1021 provisa,
1743 948 1877 998 nec
1914 950 2038 1024 spe
2070 951 2360 999 succur-

240 1062 349 1110 sus
410 1054 629 1137 atque
701 1041 952 1113 solatia
1023 1039 1514 1111 subventionis
1574 1065 1617 1112 a
1682 1065 2054 1137 quoquam
2116 1068 2362 1117 conse-

239 1154 529 1251 quendi,
584 1156 870 1228 suffulta
927 1170 1169 1246 erant3
1198 1164 1201 1169 ’
1229 1156 1355 1228 sed
1418 1156 1518 1251 (et
1564 1157 1764 1253 quod
1819 1160 2146 1231 omnium
2209 1184 2366 1257 pes-

238 1272 492 1343 simum
578 1288 793 1370 atque
860 1272 1216 1346 exitiabile
1290 1272 1471 1367 erat)
1539 1274 1613 1344 in
1677 1276 2071 1373 semetipsis
2135 1276 2362 1348 divisa

237 1386 615 1460 inimicitiis
668 1390 1073 1461 domesticis
1107 1404 1323 1484 atque
1359 1389 1544 1460 odiis
1584 1389 2037 1464 refertissima
2083 1392 2364 1463 exsiste-

236 1500 439 1595 bant,
476 1504 574 1576 ita
605 1519 687 1575 ut
724 1528 873 1575 non
912 1504 1107 1577 aliud
1138 1505 1213 1576 in
1249 1504 1539 1599 singulis
1570 1502 1793 1576 ferme
1827 1505 2114 1603 oppidis
2140 1530 2359 1602 quam

236 1613 453 1685 mrbae
483 1630 555 1687 et
575 1615 920 1688 tumultus
953 1630 1027 1687 et
1057 1616 1485 1713 optimatum
1514 1616 2015 1687 exstinctiones
2064 1641 2150 1689 ac
2193 1640 2360 1715 pro-

236 1731 649 1829 scriptiones
683 1746 1086 1828 agerentur.

968 2010 1482 2082 CAPITULUM
1534 2011 1621 2079 X.

232 2195 524 2250 Admiratio
560 2212 657 2247 cur
697 2211 811 2247 non
846 2192 1005 2245 fuerit
1044 2190 1195 2245 aliter
1228 2192 1328 2246 sibi
1369 2190 1694 2246 arridentem
1723 2192 1993 2246 fortunam
2019 2208 2329 2265 prosecutus
2347 2239 2361 2265 ‚

296 2294 414 2334 ante
456 2278 747 2334 adventum
766 2277 1118 2331 Maximiliani
1132 2318 1147 2344 ,
1180 2276 1271 2330 sed
1305 2296 1335 2329 a
1356 2276 1577 2331 feliciter
1601 2298 1631 2331 a
1654 2296 1709 2331 se
1739 2278 1920 2350 coeptis
1943 2276 2220 2347 destiterit,
2246 2292 2365 2334 tan..

295 2364 579 2419 tummodo
610 2362 928 2435 quibusdam
966 2362 1413 2417 incursationibus
1450 2376 1502 2416 et
1524 2382 1776 2435 agrorum
1804 2364 2244 2437 populationibus
2268 2384 2364 2437 per

295 2469 415 2505 suos
442 2450 659 2504 interim
684 2450 854 2505 factis.

324 2617 540 2712 Atqui
567 2640 695 2687 cur
728 2615 1090 2687 fortunam
1115 2638 1319 2687 suam
1355 2616 1774 2708 secundam,
1800 2642 1956 2713 quae
1985 2619 2081 2691 ita
2111 2622 2362 2719 coeptis

228 2733 361 2804 suis
405 2735 737 2805 arriserat
782 2747 854 2804 et
902 2732 997 2804 ad
1040 2747 1289 2803 caetera
1332 2733 1840 2829 consequenda
1885 2759 2017 2832 pro
2051 2750 2224 2807 voto
2275 2763 2359 2811 ac

227 2846 575 2921 desiderio
623 2873 755 2920 suo
809 2848 1001 2920 viam
1060 2846 1659 2943 expeditissimam
1718 2862 2104 2922 ostentasse
2162 2852 2358 2925 vide·

226 2962 457 3055 batur,
500 2966 794 3036 minime
830 2989 949 3035 rex
1006 2964 1212 3034 fuerit
1247 2979 1698 3061 prosecutus,
1739 2991 1889 3037 non
1925 2967 2138 3039 aliam
2187 2994 2355 3042 cau-

227 3104 369 3151 sam
396 3081 776 3177 imaginari
809 3107 933 3151 seu
957 3080 1267 3175 cogitare
1290 3105 1691 3177 possumu5‚
1721 3083 1852 3152 nisi
1887 3084 2086 3177 quod
2111 3084 2356 3158 divina

224 3196 437 3290 pietas
488 3211 561 3266 et
606 3194 1021 3287 clementia,
1060 3196 1195 3291 piis
1249 3194 1655 3289 aliquorum
1706 3197 2133 3269 devotorum
2184 3199 2356 3272 fide-

222 3310 390 3383 lium
416 3312 685 3384 inflexa
716 3310 1354 3410 supplicationibus
1386 3327 1454 3382 et
1490 3313 1822 3409 precibus
1859 3316 2013 3411 (qui
2038 3371 2059 3407 ,
2097 3320 2348 3413 procul

223 3424 468 3521 dubio,
508 3427 750 3526 plures
776 3440 940 3497 sunt
980 3425 1054 3496 in
1086 3425 1287 3495 terris
1321 3425 1513 3520 illis),
1554 3452 1756 3498 suam
1785 3428 2347 3523 indignationem

222 3541 308 3613 ab
356 3543 460 3614 eis
518 3557 692 3612 tunc
737 3540 1047 3631 avertit¹,
1092 3542 1760 3637 praeservaveritque
1809 3568 1899 3613 ne
1946 3541 2079 3613 sub
2126 3544 2348 3621 hostis

222 3660 319 3728 sui
367 3672 800 3756 potestatem
857 3656 1297 3727 devenirent.
1348 3655 1495 3725 Sub
1540 3682 1685 3752 quo
1747 3659 2211 3732 verisimiliter
2262 3690 2345 3735 ex

219 3775 333 3847 illo
374 3774 879 3847 florentissimo
931 3797 1170 3842 rerum
1218 3786 1403 3841 statu
1450 3786 1660 3869 atque
1715 3774 2000 3871 opibus,
2050 3777 2120 3846 in
2169 3802 2344 3873 quas

217 3890 343 3961 sub
388 3887 868 3963 anterioribus
912 3885 1351 3985 principibus
1403 3887 1559 4000 suis·
1582 3905 2037 3961 excreverant
2075 3906 2144 3962 et
2177 3917 2344 3990 pro-

218 4010 390 4078 vecti
427 4020 673 4097 erant,
718 4006 791 4075 in
834 4028 1125 4100 magnas
1158 4005 1512 4096 miseriaS,
1556 4005 1798 4076 ruinas
1831 4021 2042 4102 atque
2081 4033 2342 4107 paupe-

217 4126 383 4195 riem
412 4140 805 4195 extremam
843 4121 1320 4193 defluxissent.

292 4316 346 4367 1.
395 4311 588 4367 Plutot
617 4318 896 4365 averterit.
