<?xml version="1.0" encoding="UTF-8"?>
<!DOCTYPE html PUBLIC "-//W3C//DTD XHTML 1.0 Transitional//EN"
    "http://www.w3.org/TR/xhtml1/DTD/xhtml1-transitional.dtd">
<html xmlns="http://www.w3.org/1999/xhtml" xml:lang="en" lang="en">
 <head>
  <title>
</title>
<meta http-equiv="Content-Type" content="text/html;charset=utf-8" />
  <meta name='ocr-system' content='tesseract 3.04.00' />
  <meta name='ocr-capabilities' content='ocr_page ocr_carea ocr_par ocr_line ocrx_word'/>
</head>
<body>
  <div class='ocr_page' id='page_1' title='image "./histoiredesrgne00unkngoog_0076.png"; bbox 0 0 3400 5417; ppageno 0'>
   <div class='ocr_carea' id='block_1_1' title="bbox 1135 537 2477 597">
    <p class='ocr_par' dir='ltr' id='par_1_1' title="bbox 1135 537 2477 597">
     <span class='ocr_line' id='line_1_1' title="bbox 1135 537 2477 597; baseline 0 0"><span class='ocrx_word' id='word_1_1' title='bbox 1135 538 1351 597; x_wconf 83' lang='lat' dir='ltr'>LIBER</span> <span class='ocrx_word' id='word_1_2' title='bbox 1393 537 1693 596; x_wconf 80' lang='lat' dir='ltr'><strong>SEXTUS.</strong></span> <span class='ocrx_word' id='word_1_3' title='bbox 2401 542 2477 597; x_wconf 73' lang='lat'><strong>2⁹</strong></span> 
     </span>
    </p>
   </div>
   <div class='ocr_carea' id='block_1_2' title="bbox 361 670 2483 2979">
    <p class='ocr_par' dir='ltr' id='par_1_2' title="bbox 361 670 2483 2979">
     <span class='ocr_line' id='line_1_2' title="bbox 459 670 2477 748; baseline 0.001 -4"><span class='ocrx_word' id='word_1_4' title='bbox 459 674 622 745; x_wconf 85' lang='lat' dir='ltr'><strong>Post</strong></span> <span class='ocrx_word' id='word_1_5' title='bbox 648 670 800 746; x_wconf 86' lang='lat' dir='ltr'><strong>haec</strong></span> <span class='ocrx_word' id='word_1_6' title='bbox 833 688 1072 747; x_wconf 87' lang='lat' dir='ltr'><strong>autem</strong></span> <span class='ocrx_word' id='word_1_7' title='bbox 1109 700 1231 747; x_wconf 84' lang='lat' dir='ltr'><strong>rex</strong></span> <span class='ocrx_word' id='word_1_8' title='bbox 1282 674 1652 747; x_wconf 76' lang='lat' dir='ltr'><strong>confidens</strong></span> <span class='ocrx_word' id='word_1_9' title='bbox 1686 700 1761 747; x_wconf 87' lang='lat' dir='ltr'><strong>se</strong></span> <span class='ocrx_word' id='word_1_10' title='bbox 1808 674 2079 747; x_wconf 84' lang='lat' dir='ltr'>facilius</span> <span class='ocrx_word' id='word_1_11' title='bbox 2118 676 2477 748; x_wconf 88' lang='lat' dir='ltr'><strong>civitatem</strong></span> 
     </span>
     <span class='ocr_line' id='line_1_3' title="bbox 364 787 2479 887; baseline 0.002 -30"><span class='ocrx_word' id='word_1_12' title='bbox 364 787 504 858; x_wconf 80' lang='lat' dir='ltr'><strong>sive</strong></span> <span class='ocrx_word' id='word_1_13' title='bbox 553 788 904 887; x_wconf 87' lang='lat' dir='ltr'><strong>oppidum</strong></span> <span class='ocrx_word' id='word_1_14' title='bbox 952 790 1355 862; x_wconf 85' lang='lat' dir='ltr'><strong>Atrebatum</strong></span> <span class='ocrx_word' id='word_1_15' title='bbox 1399 790 1536 861; x_wconf 88' lang='lat' dir='ltr'>sibi</span> <span class='ocrx_word' id='word_1_16' title='bbox 1569 789 1917 886; x_wconf 89' lang='lat' dir='ltr'><strong>subjicere</strong></span> <span class='ocrx_word' id='word_1_17' title='bbox 1966 813 2200 887; x_wconf 89' lang='lat' dir='ltr'><strong>posse,</strong></span> <span class='ocrx_word' id='word_1_18' title='bbox 2256 812 2479 886; x_wconf 91' lang='lat' dir='ltr'><strong>quam</strong></span> 
     </span>
     <span class='ocr_line' id='line_1_4' title="bbox 363 902 2479 1004; baseline 0.003 -31"><span class='ocrx_word' id='word_1_19' title='bbox 363 902 757 1001; x_wconf 90' lang='lat' dir='ltr'><strong>potioribus</strong></span> <span class='ocrx_word' id='word_1_20' title='bbox 812 920 1024 1002; x_wconf 87' lang='lat' dir='ltr'><strong>atque</strong></span> <span class='ocrx_word' id='word_1_21' title='bbox 1056 905 1539 1003; x_wconf 77' lang='lat' dir='ltr'><strong>primioribuS,</strong></span> <span class='ocrx_word' id='word_1_22' title='bbox 1579 905 1838 1002; x_wconf 91' lang='lat' dir='ltr'><strong>quibus</strong></span> <span class='ocrx_word' id='word_1_23' title='bbox 1888 930 2015 978; x_wconf 90' lang='lat' dir='ltr'><strong>sua</strong></span> <span class='ocrx_word' id='word_1_24' title='bbox 2048 930 2156 977; x_wconf 87' lang='lat' dir='ltr'><strong>res</strong></span> <span class='ocrx_word' id='word_1_25' title='bbox 2191 904 2479 1004; x_wconf 90' lang='lat' dir='ltr'><strong>publica</strong></span> 
     </span>
     <span class='ocr_line' id='line_1_5' title="bbox 363 1016 2481 1119; baseline 0.003 -32"><span class='ocrx_word' id='word_1_26' title='bbox 363 1016 1010 1112; x_wconf 85' lang='lat' dir='ltr'><strong>administrabatur,</strong></span> <span class='ocrx_word' id='word_1_27' title='bbox 1065 1020 1472 1093; x_wconf 89' lang='lat' dir='ltr'><strong>destitutam</strong></span> <span class='ocrx_word' id='word_1_28' title='bbox 1503 1020 1801 1114; x_wconf 92' lang='lat' dir='ltr'><strong>sciebat,</strong></span> <span class='ocrx_word' id='word_1_29' title='bbox 1850 1021 2109 1119; x_wconf 88' lang='lat' dir='ltr'><strong>ipsam,</strong></span> <span class='ocrx_word' id='word_1_30' title='bbox 2172 1019 2481 1093; x_wconf 89' lang='lat' dir='ltr'><strong>admotis</strong></span> 
     </span>
     <span class='ocr_line' id='line_1_6' title="bbox 365 1133 2472 1235; baseline 0.002 -32"><span class='ocrx_word' id='word_1_31' title='bbox 365 1133 699 1207; x_wconf 89' lang='lat' dir='ltr'><strong>omnibus</strong></span> <span class='ocrx_word' id='word_1_32' title='bbox 743 1138 967 1235; x_wconf 93' lang='lat' dir='ltr'><strong>copiis</strong></span> <span class='ocrx_word' id='word_1_33' title='bbox 1017 1138 1159 1209; x_wconf 91' lang='lat' dir='ltr'><strong>suis</strong></span> <span class='ocrx_word' id='word_1_34' title='bbox 1203 1152 1273 1209; x_wconf 87' lang='lat' dir='ltr'><strong>et</strong></span> <span class='ocrx_word' id='word_1_35' title='bbox 1319 1137 1692 1229; x_wconf 90' lang='lat' dir='ltr'><strong>machinis,</strong></span> <span class='ocrx_word' id='word_1_36' title='bbox 1746 1135 2121 1208; x_wconf 87' lang='lat' dir='ltr'>obsidione</span> <span class='ocrx_word' id='word_1_37' title='bbox 2170 1136 2472 1209; x_wconf 88' lang='lat' dir='ltr'><strong>vallavit.</strong></span> 
     </span>
     <span class='ocr_line' id='line_1_7' title="bbox 363 1249 2481 1351; baseline 0.001 -31"><span class='ocrx_word' id='word_1_38' title='bbox 363 1249 542 1321; x_wconf 88' lang='lat' dir='ltr'><strong>Sane</strong></span> <span class='ocrx_word' id='word_1_39' title='bbox 575 1277 741 1323; x_wconf 93' lang='lat' dir='ltr'><strong>cum</strong></span> <span class='ocrx_word' id='word_1_40' title='bbox 773 1251 1127 1349; x_wconf 89' lang='lat' dir='ltr'><strong>aliquibus</strong></span> <span class='ocrx_word' id='word_1_41' title='bbox 1163 1253 1414 1325; x_wconf 90' lang='lat' dir='ltr'><strong>diebus</strong></span> <span class='ocrx_word' id='word_1_42' title='bbox 1437 1253 1784 1324; x_wconf 89' lang='lat' dir='ltr'><strong>machinis</strong></span> <span class='ocrx_word' id='word_1_43' title='bbox 1810 1267 1881 1324; x_wconf 89' lang='lat' dir='ltr'><strong>et</strong></span> <span class='ocrx_word' id='word_1_44' title='bbox 1910 1252 2230 1350; x_wconf 86' lang='lat' dir='ltr'><strong>petrariis</strong></span> <span class='ocrx_word' id='word_1_45' title='bbox 2264 1253 2481 1351; x_wconf 92' lang='lat' dir='ltr'><strong>ipsius</strong></span> 
     </span>
     <span class='ocr_line' id='line_1_8' title="bbox 365 1369 2477 1469; baseline 0.002 -34"><span class='ocrx_word' id='word_1_46' title='bbox 365 1380 586 1439; x_wconf 89' lang='lat' dir='ltr'><strong>turres</strong></span> <span class='ocrx_word' id='word_1_47' title='bbox 611 1384 683 1439; x_wconf 91' lang='lat' dir='ltr'><strong>et</strong></span> <span class='ocrx_word' id='word_1_48' title='bbox 708 1370 1242 1469; x_wconf 85' lang='lat' dir='ltr'><strong>propugnacula</strong></span> <span class='ocrx_word' id='word_1_49' title='bbox 1266 1369 1536 1466; x_wconf 89' lang='lat' dir='ltr'><strong>dejecta</strong></span> <span class='ocrx_word' id='word_1_50' title='bbox 1559 1370 1667 1440; x_wconf 86' lang='lat' dir='ltr'><strong>vel</strong></span> <span class='ocrx_word' id='word_1_51' title='bbox 1696 1369 1931 1440; x_wconf 87' lang='lat' dir='ltr'><strong>diruta</strong></span> <span class='ocrx_word' id='word_1_52' title='bbox 1964 1369 2036 1438; x_wconf 92' lang='lat' dir='ltr'><strong>in</strong></span> <span class='ocrx_word' id='word_1_53' title='bbox 2070 1369 2275 1440; x_wconf 87' lang='lat' dir='ltr'><strong>certis</strong></span> <span class='ocrx_word' id='word_1_54' title='bbox 2304 1370 2477 1441; x_wconf 92' lang='lat' dir='ltr'><strong>locis</strong></span> 
     </span>
     <span class='ocr_line' id='line_1_9' title="bbox 365 1480 2474 1583; baseline 0.001 -31"><span class='ocrx_word' id='word_1_55' title='bbox 365 1480 652 1556; x_wconf 76' lang='lat' dir='ltr'><strong>stiissent</strong></span> <span class='ocrx_word' id='word_1_56' title='bbox 667 1539 687 1571; x_wconf 90' lang='lat'><strong>,</strong></span> <span class='ocrx_word' id='word_1_57' title='bbox 716 1500 784 1555; x_wconf 91' lang='lat' dir='ltr'><strong>et</strong></span> <span class='ocrx_word' id='word_1_58' title='bbox 803 1510 1206 1583; x_wconf 84' lang='lat' dir='ltr'><strong>expugnare</strong></span> <span class='ocrx_word' id='word_1_59' title='bbox 1233 1511 1390 1558; x_wconf 89' lang='lat' dir='ltr'><strong>eam</strong></span> <span class='ocrx_word' id='word_1_60' title='bbox 1417 1487 1588 1581; x_wconf 87' lang='lat' dir='ltr'><strong>regii</strong></span> <span class='ocrx_word' id='word_1_61' title='bbox 1622 1487 1875 1557; x_wconf 84' lang='lat' dir='ltr'><strong>milites</strong></span> <span class='ocrx_word' id='word_1_62' title='bbox 1903 1484 2474 1580; x_wconf 85' lang='lat' dir='ltr'><strong>aggrederentur,</strong></span> 
     </span>
     <span class='ocr_line' id='line_1_10' title="bbox 364 1597 2479 1699; baseline 0.003 -34"><span class='ocrx_word' id='word_1_63' title='bbox 364 1597 679 1671; x_wconf 88' lang='lat' dir='ltr'><strong>videntes</strong></span> <span class='ocrx_word' id='word_1_64' title='bbox 711 1626 785 1672; x_wconf 90' lang='lat' dir='ltr'><strong>se</strong></span> <span class='ocrx_word' id='word_1_65' title='bbox 810 1599 1076 1672; x_wconf 87' lang='lat' dir='ltr'><strong>obsessi</strong></span> <span class='ocrx_word' id='word_1_66' title='bbox 1103 1602 1431 1699; x_wconf 86' lang='lat' dir='ltr'><strong>praesidio</strong></span> <span class='ocrx_word' id='word_1_67' title='bbox 1455 1601 1852 1693; x_wconf 78' lang='lat' dir='ltr'><strong>destitutoS,</strong></span> <span class='ocrx_word' id='word_1_68' title='bbox 1886 1600 1976 1671; x_wconf 90' lang='lat' dir='ltr'><strong>ad</strong></span> <span class='ocrx_word' id='word_1_69' title='bbox 2012 1600 2479 1673; x_wconf 90' lang='lat' dir='ltr'><strong>resistendum</strong></span> 
     </span>
     <span class='ocr_line' id='line_1_11' title="bbox 365 1712 2483 1804; baseline 0.004 -25"><span class='ocrx_word' id='word_1_70' title='bbox 365 1712 734 1804; x_wconf 89' lang='lat' dir='ltr'><strong>invalidos,</strong></span> <span class='ocrx_word' id='word_1_71' title='bbox 773 1731 844 1788; x_wconf 90' lang='lat' dir='ltr'><strong>et</strong></span> <span class='ocrx_word' id='word_1_72' title='bbox 898 1732 1295 1789; x_wconf 86' lang='lat' dir='ltr'><strong>extremum</strong></span> <span class='ocrx_word' id='word_1_73' title='bbox 1353 1716 1484 1788; x_wconf 91' lang='lat' dir='ltr'><strong>sibi</strong></span> <span class='ocrx_word' id='word_1_74' title='bbox 1525 1718 1897 1789; x_wconf 88' lang='lat' dir='ltr'><strong>imminere</strong></span> <span class='ocrx_word' id='word_1_75' title='bbox 1934 1717 2224 1787; x_wconf 82' lang='lat' dir='ltr'><strong>exitium</strong></span> <span class='ocrx_word' id='word_1_76' title='bbox 2263 1718 2319 1788; x_wconf 93' lang='lat' dir='ltr'><strong>si</strong></span> <span class='ocrx_word' id='word_1_77' title='bbox 2370 1743 2483 1788; x_wconf 84' lang='lat' dir='ltr'><strong>ex-</strong></span> 
     </span>
     <span class='ocr_line' id='line_1_12' title="bbox 363 1832 2483 1931; baseline 0.003 -34"><span class='ocrx_word' id='word_1_78' title='bbox 363 1832 654 1925; x_wconf 85' lang='lat' dir='ltr'><strong>pugnati</strong></span> <span class='ocrx_word' id='word_1_79' title='bbox 689 1832 1009 1925; x_wconf 61' lang='lat' dir='ltr'><strong>fixissent,</strong></span> <span class='ocrx_word' id='word_1_80' title='bbox 1047 1835 1399 1931; x_wconf 87' lang='lat' dir='ltr'><strong>supplices</strong></span> <span class='ocrx_word' id='word_1_81' title='bbox 1435 1832 1875 1905; x_wconf 88' lang='lat' dir='ltr'><strong>deditionem</strong></span> <span class='ocrx_word' id='word_1_82' title='bbox 1908 1832 2161 1903; x_wconf 78' lang='lat' dir='ltr'><strong>offerre</strong></span> <span class='ocrx_word' id='word_1_83' title='bbox 2195 1847 2266 1904; x_wconf 92' lang='lat' dir='ltr'><strong>et</strong></span> <span class='ocrx_word' id='word_1_84' title='bbox 2301 1836 2483 1929; x_wconf 90' lang='lat' dir='ltr'><strong>regis</strong></span> 
     </span>
     <span class='ocr_line' id='line_1_13' title="bbox 365 1945 2482 2048; baseline 0.003 -33"><span class='ocrx_word' id='word_1_85' title='bbox 365 1945 656 2037; x_wconf 83' lang='lat' dir='ltr'><strong>gratiam</strong></span> <span class='ocrx_word' id='word_1_86' title='bbox 710 1948 1091 2046; x_wconf 89' lang='lat' dir='ltr'><strong>implorare</strong></span> <span class='ocrx_word' id='word_1_87' title='bbox 1133 1965 1524 2048; x_wconf 85' lang='lat' dir='ltr'><strong>coeperunt.</strong></span> <span class='ocrx_word' id='word_1_88' title='bbox 1587 1954 1820 2037; x_wconf 89' lang='lat' dir='ltr'><strong>Quam</strong></span> <span class='ocrx_word' id='word_1_89' title='bbox 1876 1975 1993 2020; x_wconf 86' lang='lat' dir='ltr'><strong>rex</strong></span> <span class='ocrx_word' id='word_1_90' title='bbox 2018 2006 2035 2039; x_wconf 94' lang='lat'><strong>,</strong></span> <span class='ocrx_word' id='word_1_91' title='bbox 2091 1950 2254 2021; x_wconf 87' lang='lat' dir='ltr'><strong>licet</strong></span> <span class='ocrx_word' id='word_1_92' title='bbox 2290 1952 2482 2045; x_wconf 89' lang='lat' dir='ltr'><strong>gravi</strong></span> 
     </span>
     <span class='ocr_line' id='line_1_14' title="bbox 361 2062 2482 2163; baseline 0.003 -32"><span class='ocrx_word' id='word_1_93' title='bbox 361 2062 431 2131; x_wconf 91' lang='lat' dir='ltr'><strong>in</strong></span> <span class='ocrx_word' id='word_1_94' title='bbox 491 2088 620 2133; x_wconf 89' lang='lat' dir='ltr'><strong>eos</strong></span> <span class='ocrx_word' id='word_1_95' title='bbox 671 2064 776 2135; x_wconf 89' lang='lat' dir='ltr'><strong>ira</strong></span> <span class='ocrx_word' id='word_1_96' title='bbox 809 2079 876 2135; x_wconf 89' lang='lat' dir='ltr'><strong>et</strong></span> <span class='ocrx_word' id='word_1_97' title='bbox 908 2066 1397 2162; x_wconf 83' lang='lat' dir='ltr'><strong>indignatione</strong></span> <span class='ocrx_word' id='word_1_98' title='bbox 1428 2090 1830 2158; x_wconf 82' lang='lat' dir='ltr'><strong>succensuS,</strong></span> <span class='ocrx_word' id='word_1_99' title='bbox 1858 2064 2118 2163; x_wconf 89' lang='lat' dir='ltr'><strong>quibus</strong></span> <span class='ocrx_word' id='word_1_100' title='bbox 2149 2068 2373 2137; x_wconf 84' lang='lat' dir='ltr'><strong>voluit</strong></span> <span class='ocrx_word' id='word_1_101' title='bbox 2390 2068 2482 2137; x_wconf 90' lang='lat' dir='ltr'><strong>le-</strong></span> 
     </span>
     <span class='ocr_line' id='line_1_15' title="bbox 363 2176 2476 2281; baseline 0.002 -31"><span class='ocrx_word' id='word_1_102' title='bbox 363 2176 562 2273; x_wconf 82' lang='lat' dir='ltr'><strong>gibus</strong></span> <span class='ocrx_word' id='word_1_103' title='bbox 614 2179 866 2252; x_wconf 88' lang='lat' dir='ltr'><strong>dedit¹.</strong></span> <span class='ocrx_word' id='word_1_104' title='bbox 922 2186 1100 2254; x_wconf 90' lang='lat' dir='ltr'><strong>Nam</strong></span> <span class='ocrx_word' id='word_1_105' title='bbox 1149 2209 1281 2281; x_wconf 88' lang='lat' dir='ltr'><strong>pro</strong></span> <span class='ocrx_word' id='word_1_106' title='bbox 1338 2182 1790 2253; x_wconf 86' lang='lat' dir='ltr'><strong>contumacia</strong></span> <span class='ocrx_word' id='word_1_107' title='bbox 1839 2197 1907 2250; x_wconf 89' lang='lat' dir='ltr'><strong>et</strong></span> <span class='ocrx_word' id='word_1_108' title='bbox 1958 2179 2476 2276; x_wconf 90' lang='lat' dir='ltr'><strong>inobedientia,</strong></span> 
     </span>
     <span class='ocr_line' id='line_1_16' title="bbox 361 2298 2483 2396; baseline 0.003 -30"><span class='ocrx_word' id='word_1_109' title='bbox 361 2320 572 2391; x_wconf 88' lang='lat' dir='ltr'><strong>quam</strong></span> <span class='ocrx_word' id='word_1_110' title='bbox 611 2299 683 2368; x_wconf 92' lang='lat' dir='ltr'><strong>in</strong></span> <span class='ocrx_word' id='word_1_111' title='bbox 727 2324 800 2370; x_wconf 89' lang='lat' dir='ltr'><strong>se</strong></span> <span class='ocrx_word' id='word_1_112' title='bbox 848 2324 970 2371; x_wconf 91' lang='lat' dir='ltr'><strong>eos</strong></span> <span class='ocrx_word' id='word_1_113' title='bbox 1002 2301 1437 2371; x_wconf 88' lang='lat' dir='ltr'><strong>commisisse</strong></span> <span class='ocrx_word' id='word_1_114' title='bbox 1468 2298 1876 2396; x_wconf 84' lang='lat' dir='ltr'><strong>reputabat,</strong></span> <span class='ocrx_word' id='word_1_115' title='bbox 1933 2299 2297 2370; x_wconf 87' lang='lat' dir='ltr'><strong>mulctavit</strong></span> <span class='ocrx_word' id='word_1_116' title='bbox 2358 2325 2483 2372; x_wconf 91' lang='lat' dir='ltr'><strong>eos</strong></span> 
     </span>
     <span class='ocr_line' id='line_1_17' title="bbox 363 2413 2480 2512; baseline 0.002 -30"><span class='ocrx_word' id='word_1_117' title='bbox 363 2434 623 2507; x_wconf 89' lang='lat' dir='ltr'><strong>magno</strong></span> <span class='ocrx_word' id='word_1_118' title='bbox 646 2414 801 2485; x_wconf 86' lang='lat' dir='ltr'><strong>auri</strong></span> <span class='ocrx_word' id='word_1_119' title='bbox 826 2415 1102 2512; x_wconf 92' lang='lat' dir='ltr'><strong>pondo,</strong></span> <span class='ocrx_word' id='word_1_120' title='bbox 1127 2415 1324 2511; x_wconf 92' lang='lat' dir='ltr'><strong>quod</strong></span> <span class='ocrx_word' id='word_1_121' title='bbox 1361 2414 1452 2485; x_wconf 90' lang='lat' dir='ltr'><strong>ad</strong></span> <span class='ocrx_word' id='word_1_122' title='bbox 1486 2415 1830 2483; x_wconf 72' lang='lat' dir='ltr'><strong>trecenta’*</strong></span> <span class='ocrx_word' id='word_1_123' title='bbox 1866 2413 2083 2485; x_wconf 87' lang='lat' dir='ltr'><strong>millia</strong></span> <span class='ocrx_word' id='word_1_124' title='bbox 2117 2428 2480 2486; x_wconf 88' lang='lat' dir='ltr'><strong>scutorum</strong></span> 
     </span>
     <span class='ocr_line' id='line_1_18' title="bbox 363 2529 2482 2605; baseline 0.004 -8"><span class='ocrx_word' id='word_1_125' title='bbox 363 2530 505 2598; x_wconf 87' lang='lat' dir='ltr'><strong>auri</strong></span> <span class='ocrx_word' id='word_1_126' title='bbox 543 2529 656 2601; x_wconf 93' lang='lat' dir='ltr'><strong>vel</strong></span> <span class='ocrx_word' id='word_1_127' title='bbox 690 2529 783 2602; x_wconf 93' lang='lat' dir='ltr'><strong>ad</strong></span> <span class='ocrx_word' id='word_1_128' title='bbox 821 2546 1132 2603; x_wconf 88' lang='lat' dir='ltr'><strong>trecenta</strong></span> <span class='ocrx_word' id='word_1_129' title='bbox 1163 2532 1380 2603; x_wconf 89' lang='lat' dir='ltr'><strong>millia</strong></span> <span class='ocrx_word' id='word_1_130' title='bbox 1414 2530 1795 2603; x_wconf 90' lang='lat' dir='ltr'><strong>ascendere</strong></span> <span class='ocrx_word' id='word_1_131' title='bbox 1829 2529 2238 2603; x_wconf 67' lang='lat' dir='ltr'><strong>ferebatur-⁸.</strong></span> <span class='ocrx_word' id='word_1_132' title='bbox 2278 2533 2482 2605; x_wconf 90' lang='lat' dir='ltr'><strong>Unde</strong></span> 
     </span>
     <span class='ocr_line' id='line_1_19' title="bbox 363 2644 2483 2746; baseline 0.004 -33"><span class='ocrx_word' id='word_1_133' title='bbox 363 2644 599 2717; x_wconf 86' lang='lat' dir='ltr'><strong>civitas</strong></span> <span class='ocrx_word' id='word_1_134' title='bbox 658 2647 781 2718; x_wconf 91' lang='lat' dir='ltr'><strong>illa</strong></span> <span class='ocrx_word' id='word_1_135' title='bbox 845 2648 1136 2743; x_wconf 90' lang='lat' dir='ltr'><strong>insignis</strong></span> <span class='ocrx_word' id='word_1_136' title='bbox 1189 2648 1392 2720; x_wconf 90' lang='lat' dir='ltr'><strong>valde</strong></span> <span class='ocrx_word' id='word_1_137' title='bbox 1453 2663 1517 2719; x_wconf 87' lang='lat' dir='ltr'><strong>et</strong></span> <span class='ocrx_word' id='word_1_138' title='bbox 1576 2648 1945 2744; x_wconf 86' lang='lat' dir='ltr'><strong>opulenta,</strong></span> <span class='ocrx_word' id='word_1_139' title='bbox 2004 2646 2264 2744; x_wconf 90' lang='lat' dir='ltr'><strong>opibus</strong></span> <span class='ocrx_word' id='word_1_140' title='bbox 2308 2675 2483 2746; x_wconf 91' lang='lat' dir='ltr'><strong>quas</strong></span> 
     </span>
     <span class='ocr_line' id='line_1_20' title="bbox 365 2760 2481 2862; baseline 0.003 -32"><span class='ocrx_word' id='word_1_141' title='bbox 365 2760 674 2857; x_wconf 85' lang='lat' dir='ltr'><strong>longaeva</strong></span> <span class='ocrx_word' id='word_1_142' title='bbox 717 2766 1180 2862; x_wconf 88' lang='lat' dir='ltr'><strong>prosperitate</strong></span> <span class='ocrx_word' id='word_1_143' title='bbox 1230 2765 1623 2835; x_wconf 89' lang='lat' dir='ltr'><strong>cumularat</strong></span> <span class='ocrx_word' id='word_1_144' title='bbox 1675 2763 1967 2851; x_wconf 82' lang='lat' dir='ltr'><strong>nudata,</strong></span> <span class='ocrx_word' id='word_1_145' title='bbox 2022 2764 2095 2833; x_wconf 90' lang='lat' dir='ltr'><strong>in</strong></span> <span class='ocrx_word' id='word_1_146' title='bbox 2149 2789 2481 2859; x_wconf 90' lang='lat' dir='ltr'><strong>magnam</strong></span> 
     </span>
     <span class='ocr_line' id='line_1_21' title="bbox 364 2878 2481 2979; baseline 0.002 -32"><span class='ocrx_word' id='word_1_147' title='bbox 364 2892 568 2974; x_wconf 88' lang='lat' dir='ltr'><strong>atque</strong></span> <span class='ocrx_word' id='word_1_148' title='bbox 601 2880 1075 2953; x_wconf 87' lang='lat' dir='ltr'><strong>miserabilem</strong></span> <span class='ocrx_word' id='word_1_149' title='bbox 1123 2882 1535 2979; x_wconf 85' lang='lat' dir='ltr'><strong>pauperiem</strong></span> <span class='ocrx_word' id='word_1_150' title='bbox 1571 2894 1673 2950; x_wconf 87' lang='lat' dir='ltr'><strong>est</strong></span> <span class='ocrx_word' id='word_1_151' title='bbox 1731 2878 2037 2950; x_wconf 87' lang='lat' dir='ltr'><strong>redacta.</strong></span> <span class='ocrx_word' id='word_1_152' title='bbox 2114 2882 2481 2967; x_wconf 89' lang='lat' dir='ltr'><strong>Quosdam</strong></span> 
     </span>
    </p>
   </div>
   <div class='ocr_carea' id='block_1_3' title="bbox 363 3073 2485 4367">
    <p class='ocr_par' dir='ltr' id='par_1_3' title="bbox 363 3073 2485 3808">
     <span class='ocr_line' id='line_1_22' title="bbox 365 3073 2480 3153; baseline 0 -24"><span class='ocrx_word' id='word_1_153' title='bbox 365 3074 575 3133; x_wconf 81' lang='lat' dir='ltr'><strong>volloit.</strong></span> <span class='ocrx_word' id='word_1_154' title='bbox 614 3078 688 3133; x_wconf 85' lang='lat' dir='ltr'><strong>Et</strong></span> <span class='ocrx_word' id='word_1_155' title='bbox 716 3094 786 3133; x_wconf 87' lang='lat' dir='ltr'><strong>en</strong></span> <span class='ocrx_word' id='word_1_156' title='bbox 816 3095 882 3133; x_wconf 88' lang='lat' dir='ltr'><strong>ce</strong></span> <span class='ocrx_word' id='word_1_157' title='bbox 912 3089 1094 3153; x_wconf 84' lang='lat' dir='ltr'><strong>temps</strong></span> <span class='ocrx_word' id='word_1_158' title='bbox 1132 3096 1244 3153; x_wconf 83' lang='lat' dir='ltr'><strong>que</strong></span> <span class='ocrx_word' id='word_1_159' title='bbox 1279 3075 1315 3131; x_wconf 89' lang='lat' dir='ltr'><strong>il</strong></span> <span class='ocrx_word' id='word_1_160' title='bbox 1357 3096 1416 3132; x_wconf 87' lang='lat' dir='ltr'><strong>se</strong></span> <span class='ocrx_word' id='word_1_161' title='bbox 1444 3074 1741 3151; x_wconf 83' lang='lat' dir='ltr'><strong>disposmt,</strong></span> <span class='ocrx_word' id='word_1_162' title='bbox 1775 3093 1851 3129; x_wconf 90' lang='lat' dir='ltr'><strong>on</strong></span> <span class='ocrx_word' id='word_1_163' title='bbox 1886 3073 2092 3130; x_wconf 87' lang='lat' dir='ltr'><strong>manda</strong></span> <span class='ocrx_word' id='word_1_164' title='bbox 2127 3094 2243 3151; x_wconf 85' lang='lat' dir='ltr'><strong>ung</strong></span> <span class='ocrx_word' id='word_1_165' title='bbox 2276 3073 2480 3143; x_wconf 82' lang='lat' dir='ltr'><strong>aultre,</strong></span> 
     </span>
     <span class='ocr_line' id='line_1_23' title="bbox 365 3167 2478 3245; baseline -0.001 -20"><span class='ocrx_word' id='word_1_166' title='bbox 365 3180 417 3225; x_wconf 86' lang='lat' dir='ltr'><strong>et</strong></span> <span class='ocrx_word' id='word_1_167' title='bbox 443 3168 518 3226; x_wconf 88' lang='lat' dir='ltr'><strong>lui</strong></span> <span class='ocrx_word' id='word_1_168' title='bbox 543 3168 627 3226; x_wconf 86' lang='lat' dir='ltr'><strong>dit</strong></span> <span class='ocrx_word' id='word_1_169' title='bbox 661 3190 738 3226; x_wconf 91' lang='lat' dir='ltr'><strong>on</strong></span> <span class='ocrx_word' id='word_1_170' title='bbox 770 3188 993 3228; x_wconf 88' lang='lat' dir='ltr'><strong>comme</strong></span> <span class='ocrx_word' id='word_1_171' title='bbox 1028 3168 1246 3227; x_wconf 78' lang='lat' dir='ltr'><strong>dessuS.</strong></span> <span class='ocrx_word' id='word_1_172' title='bbox 1281 3174 1348 3226; x_wconf 89' lang='lat' dir='ltr'><strong>Et</strong></span> <span class='ocrx_word' id='word_1_173' title='bbox 1376 3173 1406 3225; x_wconf 70' lang='lat' dir='ltr'><strong>a</strong></span> <span class='ocrx_word' id='word_1_174' title='bbox 1436 3188 1529 3225; x_wconf 86' lang='lat' dir='ltr'><strong>ces</strong></span> <span class='ocrx_word' id='word_1_175' title='bbox 1561 3168 1804 3245; x_wconf 87' lang='lat' dir='ltr'><strong>parolles</strong></span> <span class='ocrx_word' id='word_1_176' title='bbox 1838 3186 1913 3222; x_wconf 91' lang='lat' dir='ltr'><strong>on</strong></span> <span class='ocrx_word' id='word_1_177' title='bbox 1942 3167 2227 3224; x_wconf 72' lang='lat' dir='ltr'><strong>executoit</strong></span> <span class='ocrx_word' id='word_1_178' title='bbox 2258 3167 2478 3224; x_wconf 83' lang='lat' dir='ltr'><strong>l&#39;autre.</strong></span> 
     </span>
     <span class='ocr_line' id='line_1_24' title="bbox 365 3259 2485 3341; baseline 0 -25"><span class='ocrx_word' id='word_1_179' title='bbox 365 3263 428 3317; x_wconf 88' lang='lat' dir='ltr'><strong>Et</strong></span> <span class='ocrx_word' id='word_1_180' title='bbox 462 3275 642 3338; x_wconf 86' lang='lat' dir='ltr'><strong>quant</strong></span> <span class='ocrx_word' id='word_1_181' title='bbox 689 3263 742 3320; x_wconf 89' lang='lat' dir='ltr'><strong>la</strong></span> <span class='ocrx_word' id='word_1_182' title='bbox 780 3264 1137 3341; x_wconf 86' lang='lat' dir='ltr'><strong>compaignie</strong></span> <span class='ocrx_word' id='word_1_183' title='bbox 1174 3262 1451 3340; x_wconf 83' lang='lat' dir='ltr'><strong>perchupt</strong></span> <span class='ocrx_word' id='word_1_184' title='bbox 1490 3261 1590 3317; x_wconf 87' lang='lat' dir='ltr'><strong>tels</strong></span> <span class='ocrx_word' id='word_1_185' title='bbox 1629 3259 1997 3317; x_wconf 83' lang='lat' dir='ltr'><strong>mandemens</strong></span> <span class='ocrx_word' id='word_1_186' title='bbox 2034 3272 2089 3315; x_wconf 90' lang='lat' dir='ltr'><strong>et</strong></span> <span class='ocrx_word' id='word_1_187' title='bbox 2130 3279 2242 3335; x_wconf 91' lang='lat' dir='ltr'><strong>que</strong></span> <span class='ocrx_word' id='word_1_188' title='bbox 2276 3262 2373 3318; x_wconf 90' lang='lat' dir='ltr'><strong>nul</strong></span> <span class='ocrx_word' id='word_1_189' title='bbox 2413 3279 2485 3316; x_wconf 88' lang='lat' dir='ltr'><strong>ne</strong></span> 
     </span>
     <span class='ocr_line' id='line_1_25' title="bbox 363 3354 2480 3433; baseline 0 -22"><span class='ocrx_word' id='word_1_190' title='bbox 363 3358 711 3427; x_wconf 80' lang='lat' dir='ltr'><strong>retournoit,</strong></span> <span class='ocrx_word' id='word_1_191' title='bbox 749 3358 1248 3416; x_wconf 65' lang='lat' dir='ltr'><strong>conn11enchi·rent</strong></span> <span class='ocrx_word' id='word_1_192' title='bbox 1283 3361 1312 3413; x_wconf 75' lang='grc' dir='ltr'><strong>Ξι</strong></span> <span class='ocrx_word' id='word_1_193' title='bbox 1351 3377 1556 3433; x_wconf 70' lang='lat' dir='ltr'><strong>pens-er</strong></span> <span class='ocrx_word' id='word_1_194' title='bbox 1587 3375 1774 3413; x_wconf 85' lang='lat' dir='ltr'><strong>aucun</strong></span> <span class='ocrx_word' id='word_1_195' title='bbox 1819 3356 1951 3411; x_wconf 85' lang='lat' dir='ltr'><strong>mal.</strong></span> <span class='ocrx_word' id='word_1_196' title='bbox 2002 3354 2189 3411; x_wconf 86' lang='lat' dir='ltr'><strong>Adont</strong></span> <span class='ocrx_word' id='word_1_197' title='bbox 2230 3374 2290 3411; x_wconf 78' lang='lat' dir='ltr'><strong>se</strong></span> <span class='ocrx_word' id='word_1_198' title='bbox 2327 3356 2480 3411; x_wconf 73' lang='lat' dir='ltr'><strong>leve-</strong></span> 
     </span>
     <span class='ocr_line' id='line_1_26' title="bbox 363 3448 2481 3529; baseline 0 -23"><span class='ocrx_word' id='word_1_199' title='bbox 363 3464 484 3507; x_wconf 88' lang='lat' dir='ltr'><strong>rent</strong></span> <span class='ocrx_word' id='word_1_200' title='bbox 510 3451 584 3509; x_wconf 89' lang='lat' dir='ltr'><strong>de</strong></span> <span class='ocrx_word' id='word_1_201' title='bbox 615 3451 791 3522; x_wconf 86' lang='lat' dir='ltr'><strong>table,</strong></span> <span class='ocrx_word' id='word_1_202' title='bbox 824 3465 878 3510; x_wconf 89' lang='lat' dir='ltr'><strong>et</strong></span> <span class='ocrx_word' id='word_1_203' title='bbox 906 3472 1124 3511; x_wconf 85' lang='lat' dir='ltr'><strong>aucuns</strong></span> <span class='ocrx_word' id='word_1_204' title='bbox 1159 3452 1501 3529; x_wconf 84' lang='lat' dir='ltr'><strong>perchurent</strong></span> <span class='ocrx_word' id='word_1_205' title='bbox 1534 3464 1699 3528; x_wconf 86' lang='lat' dir='ltr'><strong>grant</strong></span> <span class='ocrx_word' id='word_1_206' title='bbox 1730 3448 2043 3507; x_wconf 73' lang='lat' dir='ltr'><strong>assamblee</strong></span> <span class='ocrx_word' id='word_1_207' title='bbox 2079 3462 2131 3505; x_wconf 85' lang='lat' dir='ltr'><strong>et</strong></span> <span class='ocrx_word' id='word_1_208' title='bbox 2162 3463 2327 3525; x_wconf 86' lang='lat' dir='ltr'><strong>grant</strong></span> <span class='ocrx_word' id='word_1_209' title='bbox 2359 3450 2481 3507; x_wconf 88' lang='lat' dir='ltr'><strong>alu-</strong></span> 
     </span>
     <span class='ocr_line' id='line_1_27' title="bbox 365 3542 2485 3623; baseline -0.001 -24"><span class='ocrx_word' id='word_1_210' title='bbox 365 3544 534 3602; x_wconf 85' lang='lat' dir='ltr'><strong>merie</strong></span> <span class='ocrx_word' id='word_1_211' title='bbox 571 3564 647 3602; x_wconf 87' lang='lat' dir='ltr'><strong>au</strong></span> <span class='ocrx_word' id='word_1_212' title='bbox 687 3546 937 3603; x_wconf 74' lang='lat' dir='ltr'><strong>marchie</strong></span> <span class='ocrx_word' id='word_1_213' title='bbox 958 3591 972 3615; x_wconf 89' lang='lat'>‚</span> <span class='ocrx_word' id='word_1_214' title='bbox 1012 3560 1067 3604; x_wconf 91' lang='lat' dir='ltr'><strong>et</strong></span> <span class='ocrx_word' id='word_1_215' title='bbox 1101 3566 1213 3623; x_wconf 88' lang='lat' dir='ltr'><strong>que</strong></span> <span class='ocrx_word' id='word_1_216' title='bbox 1241 3546 1442 3617; x_wconf 79' lang='lat' dir='ltr'><strong>justice</strong></span> <span class='ocrx_word' id='word_1_217' title='bbox 1477 3565 1536 3600; x_wconf 83' lang='lat' dir='ltr'><strong>se</strong></span> <span class='ocrx_word' id='word_1_218' title='bbox 1567 3545 1774 3601; x_wconf 84' lang='lat' dir='ltr'><strong>saisoit.</strong></span> <span class='ocrx_word' id='word_1_219' title='bbox 1820 3547 1934 3599; x_wconf 88' lang='lat' dir='ltr'><strong>Des</strong></span> <span class='ocrx_word' id='word_1_220' title='bbox 1973 3542 2149 3599; x_wconf 90' lang='lat' dir='ltr'><strong>douze</strong></span> <span class='ocrx_word' id='word_1_221' title='bbox 2190 3561 2261 3597; x_wconf 91' lang='lat' dir='ltr'><strong>en</strong></span> <span class='ocrx_word' id='word_1_222' title='bbox 2296 3555 2485 3598; x_wconf 71' lang='lat' dir='ltr'><strong>mor-ut</strong></span> 
     </span>
     <span class='ocr_line' id='line_1_28' title="bbox 363 3634 2481 3717; baseline -0 -26"><span class='ocrx_word' id='word_1_223' title='bbox 363 3634 520 3712; x_wconf 80' lang='lat' dir='ltr'><strong>huyt.</strong></span> <span class='ocrx_word' id='word_1_224' title='bbox 567 3642 680 3695; x_wconf 87' lang='lat' dir='ltr'><strong>Les</strong></span> <span class='ocrx_word' id='word_1_225' title='bbox 721 3640 932 3697; x_wconf 86' lang='lat' dir='ltr'><strong>aultres</strong></span> <span class='ocrx_word' id='word_1_226' title='bbox 967 3643 1338 3717; x_wconf 71' lang='lat' dir='ltr'><strong>escapperent</strong></span> <span class='ocrx_word' id='word_1_227' title='bbox 1371 3660 1382 3693; x_wconf 74' lang='grc' dir='ltr'>ε</span> <span class='ocrx_word' id='word_1_228' title='bbox 1421 3639 1558 3695; x_wconf 85' lang='lat' dir='ltr'><strong>dont</strong></span> <span class='ocrx_word' id='word_1_229' title='bbox 1596 3638 1662 3693; x_wconf 86' lang='lat' dir='ltr'><strong>ils</strong></span> <span class='ocrx_word' id='word_1_230' title='bbox 1699 3650 1931 3693; x_wconf 73' lang='lat' dir='ltr'><strong>§cevent</strong></span> <span class='ocrx_word' id='word_1_231' title='bbox 1975 3634 2104 3692; x_wconf 78' lang='lat' dir='ltr'><strong>bien</strong></span> <span class='ocrx_word' id='word_1_232' title='bbox 2143 3655 2289 3711; x_wconf 83' lang='lat' dir='ltr'><strong>pour</strong></span> <span class='ocrx_word' id='word_1_233' title='bbox 2326 3654 2481 3691; x_wconf 75' lang='lat' dir='ltr'><strong>coni-</strong></span> 
     </span>
     <span class='ocr_line' id='line_1_29' title="bbox 365 3728 1700 3808; baseline 0.001 -21"><span class='ocrx_word' id='word_1_234' title='bbox 365 3728 513 3790; x_wconf 85' lang='lat' dir='ltr'><strong>bien.</strong></span> <span class='ocrx_word' id='word_1_235' title='bbox 545 3756 573 3784; x_wconf 67' lang='grc' dir='ltr'><strong>ι</strong></span> <span class='ocrx_word' id='word_1_236' title='bbox 610 3734 852 3791; x_wconf 88' lang='lat' dir='ltr'><strong>Journal</strong></span> <span class='ocrx_word' id='word_1_237' title='bbox 883 3733 954 3790; x_wconf 90' lang='lat' dir='ltr'><strong>de</strong></span> <span class='ocrx_word' id='word_1_238' title='bbox 986 3733 1206 3790; x_wconf 69' lang='lat' dir='ltr'><strong>Gerard</strong></span> <span class='ocrx_word' id='word_1_239' title='bbox 1238 3732 1446 3789; x_wconf 76' lang='lat' dir='ltr'><strong>Robert</strong></span> <span class='ocrx_word' id='word_1_240' title='bbox 1466 3778 1481 3805; x_wconf 87' lang='lat'>‚</span> <span class='ocrx_word' id='word_1_241' title='bbox 1511 3752 1567 3808; x_wconf 87' lang='lat' dir='ltr'><strong>p.</strong></span> <span class='ocrx_word' id='word_1_242' title='bbox 1603 3734 1700 3790; x_wconf 81' lang='lat'><strong>16.</strong></span> 
     </span>
    </p>

    <p class='ocr_par' dir='ltr' id='par_1_4' title="bbox 441 3826 939 3884">
     <span class='ocr_line' id='line_1_30' title="bbox 441 3826 939 3884; baseline 0.006 -4"><span class='ocrx_word' id='word_1_243' title='bbox 441 3829 495 3881; x_wconf 72' lang='lat'><strong>1.</strong></span> <span class='ocrx_word' id='word_1_244' title='bbox 549 3830 582 3881; x_wconf 80' lang='lat'>5</span> <span class='ocrx_word' id='word_1_245' title='bbox 617 3826 731 3882; x_wconf 78' lang='lat' dir='ltr'><strong>mai</strong></span> <span class='ocrx_word' id='word_1_246' title='bbox 762 3829 939 3884; x_wconf 71' lang='lat'><strong>1477.</strong></span> 
     </span>
    </p>

    <p class='ocr_par' dir='ltr' id='par_1_5' title="bbox 434 3916 1954 3996">
     <span class='ocr_line' id='line_1_31' title="bbox 434 3916 1954 3996; baseline -0.002 -23"><span class='ocrx_word' id='word_1_247' title='bbox 434 3920 490 3976; x_wconf 75' lang='lat'><strong>2.</strong></span> <span class='ocrx_word' id='word_1_248' title='bbox 538 3919 701 3977; x_wconf 85' lang='lat' dir='ltr'><strong>Lisez</strong></span> <span class='ocrx_word' id='word_1_249' title='bbox 727 3923 998 3991; x_wconf 81' lang='lat' dir='ltr'><strong>ducenta,</strong></span> <span class='ocrx_word' id='word_1_250' title='bbox 1033 3918 1295 3996; x_wconf 80' lang='lat' dir='ltr'><strong>puisqu&#39;il</strong></span> <span class='ocrx_word' id='word_1_251' title='bbox 1326 3940 1360 3995; x_wconf 76' lang='lat' dir='ltr'><strong>y</strong></span> <span class='ocrx_word' id='word_1_252' title='bbox 1387 3938 1417 3974; x_wconf 87' lang='lat' dir='ltr'><strong>a</strong></span> <span class='ocrx_word' id='word_1_253' title='bbox 1448 3916 1667 3974; x_wconf 84' lang='lat' dir='ltr'><strong>ensuite</strong></span> <span class='ocrx_word' id='word_1_254' title='bbox 1691 3930 1954 3971; x_wconf 63' lang='lat' dir='ltr'><strong>treverim.</strong></span> 
     </span>
    </p>

    <p class='ocr_par' dir='ltr' id='par_1_6' title="bbox 363 4008 2485 4367">
     <span class='ocr_line' id='line_1_32' title="bbox 441 4008 2485 4087; baseline -0.001 -18"><span class='ocrx_word' id='word_1_255' title='bbox 441 4014 497 4068; x_wconf 85' lang='lat'><strong>3.</strong></span> <span class='ocrx_word' id='word_1_256' title='bbox 547 4036 574 4063; x_wconf 72' lang='grc' dir='ltr'>ι</span> <span class='ocrx_word' id='word_1_257' title='bbox 603 4016 686 4069; x_wconf 86' lang='lat' dir='ltr'><strong>Le</strong></span> <span class='ocrx_word' id='word_1_258' title='bbox 727 4015 826 4069; x_wconf 73' lang='lat'><strong>12⁶</strong></span> <span class='ocrx_word' id='word_1_259' title='bbox 853 4011 988 4082; x_wconf 87' lang='lat' dir='ltr'><strong>jour</strong></span> <span class='ocrx_word' id='word_1_260' title='bbox 1026 4012 1097 4069; x_wconf 90' lang='lat' dir='ltr'><strong>de</strong></span> <span class='ocrx_word' id='word_1_261' title='bbox 1134 4032 1284 4087; x_wconf 70' lang='lat' dir='ltr'><strong>may,</strong></span> <span class='ocrx_word' id='word_1_262' title='bbox 1327 4012 1410 4067; x_wconf 86' lang='lat' dir='ltr'><strong>sut</strong></span> <span class='ocrx_word' id='word_1_263' title='bbox 1447 4009 1728 4065; x_wconf 67' lang='lat' dir='ltr'><strong>‹le-mande</strong></span> <span class='ocrx_word' id='word_1_264' title='bbox 1764 4028 1867 4084; x_wconf 79' lang='lat' dir='ltr'><strong>par</strong></span> <span class='ocrx_word' id='word_1_265' title='bbox 1907 4008 1956 4063; x_wconf 82' lang='lat' dir='ltr'><strong>le</strong></span> <span class='ocrx_word' id='word_1_266' title='bbox 1994 4027 2093 4084; x_wconf 67' lang='lat' dir='ltr'><strong>roy</strong></span> <span class='ocrx_word' id='word_1_267' title='bbox 2138 4029 2233 4065; x_wconf 86' lang='lat' dir='ltr'><strong>sur</strong></span> <span class='ocrx_word' id='word_1_268' title='bbox 2268 4010 2319 4066; x_wconf 90' lang='lat' dir='ltr'><strong>la</strong></span> <span class='ocrx_word' id='word_1_269' title='bbox 2356 4008 2485 4067; x_wconf 66' lang='lat' dir='ltr'><strong>xille</strong></span> 
     </span>
     <span class='ocr_line' id='line_1_33' title="bbox 363 4096 2483 4183; baseline 0.001 -25"><span class='ocrx_word' id='word_1_270' title='bbox 363 4102 615 4171; x_wconf 72' lang='lat' dir='ltr'><strong>d&#39;ArraS,</strong></span> <span class='ocrx_word' id='word_1_271' title='bbox 663 4120 781 4163; x_wconf 86' lang='lat' dir='ltr'><strong>tant</strong></span> <span class='ocrx_word' id='word_1_272' title='bbox 814 4126 912 4163; x_wconf 84' lang='lat' dir='ltr'><strong>sur</strong></span> <span class='ocrx_word' id='word_1_273' title='bbox 945 4096 1201 4183; x_wconf 58' lang='lat' dir='ltr'><strong>l‘ssgliso,</strong></span> <span class='ocrx_word' id='word_1_274' title='bbox 1235 4124 1456 4162; x_wconf 81' lang='lat' dir='ltr'><strong>comme</strong></span> <span class='ocrx_word' id='word_1_275' title='bbox 1483 4124 1580 4159; x_wconf 85' lang='lat' dir='ltr'><strong>sur</strong></span> <span class='ocrx_word' id='word_1_276' title='bbox 1611 4103 1941 4170; x_wconf 62' lang='lat' dir='ltr'><strong>mart-hans,</strong></span> <span class='ocrx_word' id='word_1_277' title='bbox 1974 4103 2239 4180; x_wconf 80' lang='lat' dir='ltr'><strong>bourgois</strong></span> <span class='ocrx_word' id='word_1_278' title='bbox 2278 4120 2328 4161; x_wconf 79' lang='lat' dir='ltr'><strong>et.</strong></span> <span class='ocrx_word' id='word_1_279' title='bbox 2364 4126 2483 4161; x_wconf 57' lang='lat' dir='ltr'><strong>ina—0</strong></span> 
     </span>
     <span class='ocr_line' id='line_1_34' title="bbox 365 4195 2485 4275; baseline 0.001 -24"><span class='ocrx_word' id='word_1_280' title='bbox 365 4215 502 4253; x_wconf 82' lang='lat' dir='ltr'><strong>nans</strong></span> <span class='ocrx_word' id='word_1_281' title='bbox 531 4198 604 4254; x_wconf 84' lang='lat' dir='ltr'><strong>de</strong></span> <span class='ocrx_word' id='word_1_282' title='bbox 645 4200 817 4256; x_wconf 82' lang='lat' dir='ltr'><strong>ladite</strong></span> <span class='ocrx_word' id='word_1_283' title='bbox 855 4200 1009 4267; x_wconf 80' lang='lat' dir='ltr'><strong>ville,</strong></span> <span class='ocrx_word' id='word_1_284' title='bbox 1047 4200 1392 4275; x_wconf 72' lang='lat' dir='ltr'><strong>chinquanu·</strong></span> <span class='ocrx_word' id='word_1_285' title='bbox 1433 4197 1582 4254; x_wconf 76' lang='lat' dir='ltr'><strong>inille</strong></span> <span class='ocrx_word' id='word_1_286' title='bbox 1610 4216 1794 4257; x_wconf 66' lang='lat' dir='ltr'><strong>escus,</strong></span> <span class='ocrx_word' id='word_1_287' title='bbox 1839 4195 1971 4251; x_wconf 74' lang='lat' dir='ltr'><strong>doni</strong></span> <span class='ocrx_word' id='word_1_288' title='bbox 2016 4196 2089 4251; x_wconf 86' lang='lat' dir='ltr'><strong>lui</strong></span> <span class='ocrx_word' id='word_1_289' title='bbox 2134 4198 2213 4252; x_wconf 80' lang='lat' dir='ltr'><strong>sut</strong></span> <span class='ocrx_word' id='word_1_290' title='bbox 2243 4200 2485 4255; x_wconf 81' lang='lat' dir='ltr'><strong>accorde</strong></span> 
     </span>
     <span class='ocr_line' id='line_1_35' title="bbox 365 4290 2023 4367; baseline -0.001 -20"><span class='ocrx_word' id='word_1_291' title='bbox 365 4307 643 4367; x_wconf 79' lang='lat' dir='ltr'><strong>quar-ante</strong></span> <span class='ocrx_word' id='word_1_292' title='bbox 674 4295 846 4352; x_wconf 85' lang='lat' dir='ltr'><strong>mille.</strong></span> <span class='ocrx_word' id='word_1_293' title='bbox 881 4319 907 4346; x_wconf 64' lang='grc' dir='ltr'>ι</span> <span class='ocrx_word' id='word_1_294' title='bbox 946 4294 1180 4351; x_wconf 84' lang='lat' dir='ltr'><strong>Journal</strong></span> <span class='ocrx_word' id='word_1_295' title='bbox 1209 4293 1280 4348; x_wconf 79' lang='lat' dir='ltr'><strong>de</strong></span> <span class='ocrx_word' id='word_1_296' title='bbox 1311 4290 1529 4350; x_wconf 73' lang='lat' dir='ltr'><strong>Gerard</strong></span> <span class='ocrx_word' id='word_1_297' title='bbox 1561 4290 1799 4361; x_wconf 82' lang='lat' dir='ltr'><strong>Robert,</strong></span> <span class='ocrx_word' id='word_1_298' title='bbox 1836 4310 1893 4365; x_wconf 90' lang='lat' dir='ltr'><strong>p.</strong></span> <span class='ocrx_word' id='word_1_299' title='bbox 1930 4292 2023 4345; x_wconf 80' lang='lat'><strong>19.</strong></span> 
     </span>
    </p>
   </div>
  </div>
 </body>
</html>
