3400 5417
1119 510 1342 566 LIBER
1385 509 1684 568 PRIMUS.
2351 511 2472 570 277

441 646 666 714 Porro
699 667 866 714 cum
891 642 1152 714 talibus
1176 643 1246 714 in
1291 641 1702 714 diffidentiis
1749 658 1893 714 tam
1935 667 2070 713 nos
2101 667 2319 740 quam
2351 644 2470 716 alii

330 758 696 851 nonnulli,
742 759 867 853 qui
911 756 1527 853 quemadmodum
1566 773 1638 828 et
1659 783 1806 850 ¹nos
1837 783 2059 853 regno
2100 784 2174 830 se
2214 758 2483 832 absen-·

327 888 569 946 tarant
590 926 610 960 ,
653 873 1162 964 detineremur,
1200 877 1778 974 prospiceretque
1814 901 1936 947 rex
1960 876 2200 974 plures
2231 877 2471 950 adhuc

327 1015 698 1088 superesse
743 989 1073 1062 absentes
1104 993 1254 1088 qui,
1305 1016 1455 1062 non
1500 993 1666 1063 satis
1701 991 1871 1063 fidei
1916 993 2277 1091 prioribus
2326 995 2471 1066 suis

325 1106 846 1180 abolitionibus
877 1107 1250 1201 habentQS,
1286 1109 1574 1181 rediisse
1605 1106 1741 1180 sub
1775 1108 1926 1204 ejus
1958 1110 2305 1182 ditionem
2342 1110 2465 1182 de-

327 1239 746 1297 tractassent
767 1281 786 1317 ,
860 1250 1010 1296 non
1074 1239 1222 1296 tam
1282 1225 1443 1297 illos
1508 1227 1926 1322 acquirendi
1992 1225 2126 1297 sibi
2147 1282 2167 1319 ,
2245 1251 2465 1324 quam

325 1366 467 1411 suo
528 1363 870 1437 germano
909 1340 1024 1411 vel
1070 1341 1224 1411 aliis
1274 1339 1410 1412 sibi
1461 1341 1819 1413 foederatis
1854 1340 2301 1441 principibus
2344 1369 2467 1416 au-

325 1455 605 1528 ferendi
648 1457 869 1552 gratia
913 1471 1126 1552 atque
1175 1457 1572 1528 intentione
1595 1513 1614 1549 ‚
1670 1483 1761 1529 ne
1797 1483 1982 1554 quos
2015 1457 2152 1528 sibi
2185 1458 2465 1532 favores

325 1588 456 1645 aut
506 1573 801 1645 consilia
841 1573 1186 1671 impertiri
1232 1589 1522 1670 possent
1546 1629 1565 1666 ‚
1617 1571 2012 1645 secundam
2062 1576 2463 1669 generalem

324 1690 754 1761 amnestiam
791 1715 919 1761 seu
962 1688 1432 1762 abolitionem
1480 1692 1554 1760 in
1605 1691 1755 1760 vim
1802 1690 2054 1784 regalis
2086 1690 2300 1761 edicti
2344 1692 2467 1763 de-

323 1807 585 1896 crevit,
621 1830 778 1901 quae
805 1806 1237 1876 anteriorem
1275 1805 1568 1900 quidem
1599 1805 2079 1877 confirmabat
2109 1820 2322 1902 atque
2358 1809 2467 1878 in-

324 1921 686 2011 novabat3
735 1936 806 1994 et
845 1922 1311 1993 nihilominus
1354 1946 1513 1993 eam
1550 1923 1901 2020 amplians
1922 1974 1942 2008 ,
1996 1923 2244 1993 omnia
2276 1948 2466 2018 quae-

319 2063 641 2134 cumque
691 2036 914 2110 verbo
977 2038 1084 2109 vel
1144 2037 1330 2109 facto
1377 2063 1838 2135 quocumque
1900 2038 2123 2109 modo
2181 2039 2411 2136 quivis
2440 2096 2459 2133 ,

318 2155 845 2252 cujuscumque
893 2171 1137 2248 statuS,
1181 2157 1440 2251 gradus
1478 2156 1591 2226 vel
1635 2155 1910 2226 ordinis
1941 2170 2149 2244 esset,
2186 2157 2262 2226 in
2298 2181 2465 2228 eum

317 2273 700 2346 admittere
737 2275 1082 2373 potuisset
1113 2299 1338 2370 usque
1381 2273 1469 2344 ad
1511 2272 1754 2344 datam
1800 2272 2119 2368 ejusdem
2147 2330 2165 2365 ,
2204 2274 2465 2370 plenis-

315 2390 504 2460 sime
550 2390 1048 2481 condonabat,
1101 2391 1474 2460 restituens
1503 2414 2090 2486 unumquemque
2123 2389 2215 2461 ad
2250 2391 2467 2487 patri-

319 2507 601 2593 monia,
630 2505 1005 2596 beneficia,
1045 2506 1446 2601 dignitateS,
1470 2507 1632 2601 jura
1660 2520 1729 2575 et
1746 2508 2227 2602 possessiones
2257 2531 2465 2604 quas-

317 2647 636 2718 cumque
658 2638 801 2694 tam
822 2621 1305 2692 immobilium
1326 2645 1544 2716 quam
1574 2620 1952 2691 mobilium
1979 2622 2463 2693 exsistentium

321 2739 402 2806 in
436 2762 674 2808 rerum
708 2753 996 2824 natura3
1039 2736 1439 2835 [adjiciens]
1489 2736 1686 2832 quod
1729 2738 2149 2808 eorumdem
2190 2763 2466 2836 posses-

317 2852 605 2922 sionem
650 2879 947 2923 suorum
991 2852 1394 2940 bonorum,
1450 2877 1599 2922 non
1653 2852 2107 2924 obstantibus
2148 2854 2471 2925 donatio-

323 2965 542 3037 nibus
568 2967 655 3037 de
676 2969 775 3038 eis
797 2969 948 3038 aliis
981 2970 1304 3067 personis
1338 2969 1558 3056 sactis,
1585 2968 1912 3061 decretiS‚
1942 2972 2309 3041 sententiis
2344 2996 2467 3040 seu

315 3085 606 3153 arrestis
647 3099 903 3154 contra
955 3110 1028 3155 se
1077 3083 1402 3155 absentes
1438 3085 1638 3155 factis
1676 3100 1745 3155 et
1783 3085 2023 3176 dictis,
2061 3085 2354 3157 cuilibet
2386 3086 2468 3156 li-

317 3201 546 3270 citum
574 3200 752 3272 foret
777 3202 1070 3297 propria
1094 3203 1511 3271 auctoritate
1537 3201 1814 3294 ingredi
1834 3217 1902 3270 et
1932 3201 2470 3297 apprehendere

319 3316 597 3414 absque
632 3319 868 3413 aliqua
921 3342 1211 3415 prorsus
1258 3317 1586 3412 judicum
1640 3332 1764 3388 aut
1812 3332 2305 3386 exsecutorum
2364 3342 2470 3387 re-

321 3435 708 3529 quisitione
741 3460 863 3506 seu
895 3435 1072 3529 juris
1115 3435 1534 3522 ministeri0,
1578 3433 1989 3528 eisdemque
2037 3434 2179 3502 suis
2215 3433 2464 3529 potiri,

323 3550 708 3620 residendo
743 3549 1176 3647 ubicumque
1207 3549 1485 3638 liberet,
1527 3553 1671 3621 sive
1710 3551 1781 3619 in
1814 3573 2065 3642 regnO,
2098 3550 2243 3618 sive
2278 3564 2473 3622 extra

323 3693 656 3762 regnum.
709 3673 1214 3740 Verumtamen
1247 3727 1265 3761 ‚
1307 3668 1549 3764 quoad
1601 3694 1734 3739 nos
1776 3666 2121 3738 attinebat
2179 3681 2247 3738 et
2294 3669 2474 3738 alios

327 3799 612 3854 nostros
649 3786 956 3880 collegas
1004 3789 1076 3855 in
1116 3811 1200 3856 ea
1231 3843 1248 3875 ,
1304 3810 1521 3881 quam
1572 3809 1787 3879 supra
1834 3785 2203 3855 retulimus
2231 3841 2249 3875 ‚
2294 3785 2476 3878 lega-

322 3903 564 3988 tione,
634 3902 1099 3973 continebant
1161 3905 1363 3997 regiae
1417 3901 1911 3995 hujuscemodi
1980 3901 2222 3972 litterae
2274 3903 2471 3996 quod

318 4043 572 4089 earum
608 4019 898 4114 quidem
937 4019 1377 4114 indulgentia
1405 4075 1422 4108 ,
1465 4033 1541 4088 ut
1579 4019 1835 4108 caeteri,
1879 4018 2316 4114 potiremur3
2352 4041 2475 4086 ve·

325 4159 487 4203 runi
539 4132 827 4204 volebat
863 4161 983 4203 rex
1023 4135 1123 4204 uti
1171 4135 1429 4204 nostris
1465 4133 1763 4204 servitiis
1803 4161 1817 4198 ε
1863 4132 2063 4226 cujus
2114 4133 2211 4200 rei
2257 4131 2479 4223 gratia

321 4252 745 4347 injungebat
785 4269 860 4322 ut
907 4253 998 4324 ad
1030 4255 1134 4324 sui
1161 4253 1608 4349 praesentiam
1650 4249 1986 4321 accedere
2017 4247 2467 4318 deberemus.
