3400 5417
986 486 1101 542 344
1841 479 2252 550 nomeu,

982 618 1086 687 uti
1118 640 1321 687 casus
1364 630 1603 687 noster
1635 612 1921 703 exstitit,
1959 610 2085 683 sed
2117 610 2334 681 etiam
2372 623 2910 707 persecutorum
2943 633 3118 680 suo-

982 758 1143 823 rum
1186 732 1449 803 minaci
1495 743 1843 827 potestate
1881 725 2293 824 compulsos
2327 724 2475 796 sive
2514 726 2884 799 exterritos
2901 781 2923 816 ‚
2963 724 3122 796 abs-

980 873 1121 946 que
1176 848 1367 943 justa
1428 846 1984 944 reprehensione
2045 842 2160 913 vel
2217 840 2617 912 offensione
2677 841 2868 912 licite
2907 866 3120 939 posse

976 963 1179 1036 sedes
1233 978 1304 1034 et
1356 962 1601 1061 plebes
1647 984 1812 1032 suas
1873 958 2196 1031 deserere
2218 1011 2237 1047 ‚
2293 972 2364 1029 et
2411 956 2997 1055 persequentium
3049 982 3120 1029 se

924 1078 935 1087 ’
977 1079 1491 1150 malevolentiae
1523 1076 1976 1167 subtrahere,
2009 1099 2095 1146 ac
2124 1089 2274 1146 tuta
2313 1072 2611 1146 latibula
2640 1074 3116 1170 exquirendO,

975 1195 1310 1266 saevitiam
1339 1217 1593 1265 eorum
1625 1209 1839 1289 atque
1876 1192 2191 1263 furorem
2224 1189 2610 1281 declinare,
2650 1188 2780 1260 ubi
2805 1190 2991 1278 sola,
3022 1192 3118 1260 uti

976 1336 1159 1408 saepe
1193 1308 1525 1398 diximuS,
1566 1309 1870 1408 pastoris
1901 1330 2209 1405 persona
2237 1305 2730 1404 persequenda
2751 1307 3115 1401 quaeritur,

979 1438 1050 1497 et
1081 1448 1209 1521 per
1245 1424 1424 1495 alios
1469 1424 1832 1494 ministros
1871 1422 2173 1493 idoneos
2203 1420 2489 1492 interim
2531 1419 2846 1492 ecclesiae
2873 1435 2948 1491 et
2973 1421 3120 1519 ple-

983 1538 1189 1610 bium
1226 1539 1431 1609 saluti
1478 1539 1942 1609 ministratur.
1987 1540 2164 1623 Quae
2205 1536 2264 1606 si
2310 1534 2546 1608 forsan
2595 1536 2944 1631 cuiquam
2992 1538 3119 1606 mi-

982 1657 1175 1725 nime
1233 1654 1682 1743 suffecerint,
1739 1653 2033 1724 stultum
2079 1665 2149 1722 et
2203 1651 2658 1725 temerarium
2689 1650 3123 1722 arbitramur

978 1785 1231 1843 contra
1266 1769 1764 1866 hujuscemodi
1800 1768 2266 1866 pertinaciam
2302 1767 2482 1838 velle
2510 1768 2808 1839 ulterius
2829 1783 3124 1839 conten-

976 1885 1176 1978 dere,
1215 1900 1286 1955 et
1319 1885 1414 1956 adl
1445 1884 2013 1983 patefaciendam
2038 1882 2678 1954 luculentissimam
2705 1897 2777 1953 et
2797 1883 3126 1955 manifes-

980 2001 1328 2071 tissimam
1366 2000 1737 2071 veritatem
1773 1999 2088 2079 rationes
2135 2022 2222 2069 ac
2254 2011 2462 2069 testes
2511 1998 2689 2070 alios
2707 1999 3118 2090 adducere,

982 2102 1485 2215 cum‚⁹procul
1527 2116 1754 2189 dubio
1777 2174 1795 2210 ‚
1840 2142 1998 2213 quae
2054 2130 2526 2187 annectentur
2560 2116 2727 2188 satis
2771 2140 3122 2215 superque

983 2235 1148 2305 satis
1210 2232 1644 2330 abundeque
1696 2234 1972 2304 cunctis
2021 2232 2278 2303 merito
2339 2233 2617 2330 possint
2683 2247 2756 2305 et
2816 2232 3126 2306 debeant

984 2346 1305 2421 sufficere
1324 2353 1366 2418 ¹.

1603 2608 2120 2677 CAPITULUM
2175 2609 2487 2677 XXVIII.

1536 2788 1735 2839 Iterum
1785 2788 1886 2839 alia
1933 2786 2232 2841 testimonia
2277 2786 2348 2839 ad
2389 2786 2550 2841 idem.

1087 2952 1265 3018 Item
1303 2972 1517 3045 super
1545 2948 1724 3020 illud
1758 2949 2107 3021 Johannis
2149 2953 2268 3021 1v⁰
2312 2976 2328 3019 :
2381 2980 2415 3014 «
2461 2953 2552 3020 Ut
2584 2974 2755 3045 ergo
2793 2953 3128 3047 cognovit

987 3067 1185 3134 Jesus
1226 3063 1393 3157 quia
1427 3064 1809 3135 audierunt
1849 3066 2174 3137 Pharisaei
2220 3067 2390 3160 quia
2418 3070 2615 3137 Jesus
2650 3066 2894 3163 plures
2927 3066 3124 3137 disci-

986 3180 1197 3277 pulos
1244 3178 1410 3249 facit
1453 3194 1523 3250 et
1578 3180 1892 3277 baptizat
1926 3206 2144 3277 quam
2180 3182 2584 3275 Johannes,
2636 3197 2807 3271 etc.,
2853 3183 3124 3279 reliquit

986 3300 1305 3371 Judaeam
1362 3317 1431 3371 et
1480 3301 1653 3372 abiit
1711 3304 1970 3373 iterum
2019 3304 2089 3373 in
2147 3302 2510 3374 Galiloeam
2538 3358 2556 3394 ‚
2605 3330 2639 3368 »ι
2684 3302 2861 3373 dicit
2917 3304 3125 3399 Chry-

986 3432 1378 3509 sostomuS‚
1435 3432 1569 3489 etc.
1604 3421 1625 3455 ²

1085 3530 1207 3600 His
1244 3545 1457 3626 atque
1494 3531 1647 3601 aliis
1685 3530 2182 3602 consimilibus
2217 3531 2640 3603 testimoniis
2665 3586 2682 3621 ‚
2740 3554 2780 3601 e
2822 3555 3124 3626 quorum

988 3647 1352 3717 nonnullis
1388 3673 1555 3717 usus
1589 3662 1694 3716 est
1726 3646 1976 3718 beatus
2003 3648 2445 3735 Athanasius,
2485 3648 2562 3717 in
2593 3646 2796 3717 libris
2829 3673 3015 3743 quos
3048 3648 3128 3716 de

1066 3851 1122 3906 1.
1171 3854 1279 3907 Les
1296 3850 1561 3907 citations
1591 3852 1691 3927 qui
1720 3851 1951 3909 suivent
1980 3866 2108 3909 sont
2138 3853 2505 3931 empruntees
2537 3856 2572 3909 a
2601 3852 2752 3910 saint
2785 3856 2934 3909 Jean
2959 3854 3132 3929 Chry—

979 3956 1260 4016 sost0me‚
1294 3943 1439 4001 saint
1482 3946 1788 4022 Angustin,
1826 3947 1974 4003 saint
2019 3946 2274 4018 Mel-ome,
2315 3946 2463 4004 saint
2493 3946 2734 4019 Hilaire‚
2791 3946 3128 4025 Theophila,

982 4036 1137 4093 Bede
1161 4052 1215 4095 et
1236 4040 1463 4099 Nicolas
1493 4041 1564 4097 de
1594 4042 1750 4101 Lire.
1770 4046 1800 4097 J
1807 4062 1837 4098 e
1854 4062 1944 4100 me
1975 4042 2090 4100 suis
2109 4043 2382 4120 expliqne
2412 4041 2555 4099 dans
2583 4042 2640 4099 la
2667 4042 2858 4099 notice
2887 4042 3134 4119 prelimi-

980 4131 1143 4187 naire
1170 4133 1499 4207 (ci-dessus,
1534 4156 1589 4213 p.
1631 4138 1770 4205 211)
1799 4156 1898 4193 sur
1931 4138 1984 4194 la
2011 4136 2200 4194 raison
2229 4137 2329 4213 qui
2351 4154 2445 4194 me
2473 4136 2555 4193 les
2583 4154 2615 4193 a
2650 4135 2750 4192 fait
2785 4136 3128 4212 supprimet.

1060 4228 1115 4284 2.
1168 4228 1547 4305 suppression
1576 4230 1675 4286 des
1696 4230 1958 4289 citations
1980 4274 1995 4300 ,
2018 4250 2243 4287 comme
2274 4229 2417 4288 dans
2439 4229 2494 4288 le
2513 4228 2774 4308 chapitre
2799 4229 3124 4308 precedent.
