3400 5417
963 484 1080 544 κω
1816 479 2228 554 nomeu,

973 617 1086 689 his
1124 616 1283 714 qui,
1333 614 1424 686 de
1473 613 1747 687 eisdem
1798 611 2109 704 confisi,·
2144 613 2238 685 ad
2288 614 2587 710 gratiam
2622 639 2823 688 suam
2888 633 3099 714 atque

973 731 1459 804 obedientiam
1481 730 1865 820 redierant,
1898 752 2148 828 poenas
2166 754 2541 829 reposcere
2562 729 2941 828 debuerat,
2975 758 3103 806 nec

968 875 1012 923 a
1058 841 1139 921 's'e
1191 849 1638 921 condonatas
1685 862 1759 917 et
1810 870 2104 944 prorsus
2156 861 2517 946 perpetuae
2572 847 2927 922 oblivioni
2948 908 2969 945 ,
3032 869 3103 922 ut

970 964 1479 1065 promittebat,
1519 961 1927 1052 habendaS,
1980 987 2471 1061 quascumque
2510 963 2735 1035 verbo
2766 965 2889 1038 vel
2922 965 3106 1040 facto

968 1086 1046 1156 in
1082 1109 1254 1156 eum
1283 1081 1625 1154 admissas
1658 1079 1951 1176 injurias
1994 1080 2071 1150 in
2104 1080 2457 1160 ultionem
2498 1079 2859 1155 adducere
2894 1100 3108 1182 atque

967 1225 1326 1273 revocare.

1065 1321 1408 1388 Tacemus
1468 1313 1729 1386 referre
1753 1368 1772 1405 ,
1849 1329 2234 1411 antequam
2305 1315 2803 1411 hujuscemodi
2874 1319 3111 1389 civiles

969 1434 1417 1505 emersissent
1473 1430 1983 1520 dissensiones,
2038 1429 2325 1525 qualem
2382 1433 2907 1527 promissorum
2962 1448 3032 1503 et
3073 1457 3111 1504 a

971 1575 1045 1622 se
1083 1549 1387 1620 solemni
1430 1561 1875 1619 sacramento
1911 1547 2159 1644 saepius
2188 1545 2635 1618 firmatorum
2674 1547 2929 1642 fidem,
2972 1574 3109 1620 non

973 1665 1100 1735 uni
1139 1663 1593 1734 subditorum
1638 1661 1753 1732 vel
1786 1662 2343 1758 provinciarum,
2386 1660 2511 1732 sed
2547 1661 2891 1734 omnibus
2940 1664 3113 1734 illius

975 1779 1400 1852 nobilissimi
1445 1779 1645 1875 regni
1681 1777 1984 1848 subditis
2016 1794 2086 1848 et
2119 1777 2417 1850 statibus
2460 1777 2906 1871 exhibuerit,
2948 1804 3115 1876 quo·

974 1897 1198 1969 modo
1233 1919 1485 1967 eorum
1517 1895 1681 1991 jura
1728 1909 1942 1990 atque
1970 1893 2329 1965 libertates
2361 1896 2891 1967 conservaverit
2904 1923 2926 1980 3
2970 1920 3113 1990 qua·

978 2030 1220 2086 tamen
1275 2027 1343 2083 et
1390 2012 1735 2082 universis
1788 2026 1861 2081 et
1907 2011 2199 2107 singulis
2257 2025 2857 2083 conservaturum
2902 2035 2980 2082 se
3014 2035 3115 2081 so-

978 2131 1196 2202 lemni
1225 2129 1650 2227 promiserat
1680 2143 2127 2198 sacramento
2155 2184 2175 2220 ,
2216 2128 2637 2226 priusquam
2672 2152 2717 2199 a
2748 2152 3115 2224 quoquam

978 2247 1505 2342 regnicolarum
1551 2243 1973 2314 obedientiae
2012 2260 2135 2316 aut
2178 2244 2533 2316 fidelitatis
2568 2246 3115 2342 promissionem

982 2365 1298 2460 aliquam
1335 2361 1779 2458 recepisset¹.
1822 2359 1995 2430 Inde
2038 2361 2233 2430 enim
2267 2361 2597 2431 omnium
2638 2348 3022 2431 turbarum
3046 2377 3119 2436 et

982 2481 1298 2551 civilium
1334 2477 1856 2549 discordiarum
1901 2478 2218 2548 manavit
2258 2479 2565 2549 occasio,

1086 2597 1226 2667 Sed
1274 2597 1362 2667 de
1408 2596 1521 2665 his
1551 2595 1760 2664 latius
1804 2594 2142 2664 disserere
2182 2595 2293 2665 vel
2337 2594 2596 2666 referre
2642 2620 2792 2665 non
2846 2613 2953 2667 est
2985 2625 3119 2667 sus-

987 2715 1170 2811 cepti
1203 2715 1277 2783 in
1311 2712 1847 2810 praesentiarum
1882 2711 2159 2807 operis:
2196 2709 2390 2782 aliud
2420 2713 2615 2782 enim
2646 2715 2961 2811 propriae
2988 2715 3123 2784 edi-

990 2831 1204 2901 tionis
1237 2853 1418 2924 opus
1445 2829 1788 2921 exigere13
1822 2851 2072 2897 verum
2104 2826 2248 2898 hoc
2278 2852 2410 2925 pro
2436 2842 2640 2898 tanto
2670 2828 3121 2900 referendum

988 2947 1062 3014 in
1112 2943 1254 3012 hoc
1309 2967 1526 3038 opere
1572 2943 2163 3030 existimavimus,
2221 2957 2295 3012 ut
2348 2941 2781 3036 intelligatur
2814 2969 2955 3014 nos
2984 2971 3122 3014 non

993 3059 1199 3153 regiae
1236 3059 1579 3153 majestati
1627 3058 1898 3152 injuriae
1937 3058 2331 3154 quidquam
2376 3058 2653 3148 fecisse,
2698 3059 2815 3129 vel
2856 3061 2931 3130 in
2977 3086 3119 3131 eam

997 3174 1224 3272 (quod
1257 3174 1468 3269 absit)
1502 3174 1852 3245 ullatenus
1902 3174 2303 3269 deliquisse,
2347 3199 2471 3244 seu
2502 3199 2664 3246 eam
2689 3175 2975 3260 laesisse,
3012 3177 3119 3246 sed

990 3292 1552 3390 proscriptioniS,
1598 3292 1862 3388 rapina·
1897 3306 1968 3360 et
2007 3291 2425 3388 direptionis
2451 3291 2823 3362 bonorum
2857 3308 3122 3362 nostro-

993 3435 1153 3480 rum
1203 3410 1514 3504 aliasque
1561 3407 2019 3504 quamplures
2067 3407 2357 3503 injurias
2409 3407 2869 3502 injustissime
2927 3425 3126 3505 atque

992 3526 1477 3620 indignissime
1505 3526 1596 3595 ab
1634 3549 1721 3594 eo
1757 3525 2146 3621 pertulisse.

1074 3749 1131 3804 1.
1178 3747 1368 3820 Voyez
1394 3744 1707 3810 ci·dessus‚
1741 3764 1800 3820 p.
1834 3745 1973 3800 131.
