3400 5417
979 545 1095 603 εστ.
1841 507 2252 611 nomeu,

978 680 1186 752 certis
1248 676 1660 750 differentiis
1708 672 2233 773 componendis
2263 677 2281 712 ¹
2303 730 2321 767 ,
2393 671 2611 770 idque
2660 674 2888 746 etiam
2940 674 3121 745 idem

979 796 1124 867 dux
1161 791 1501 868 Borbonii
1559 791 1702 862 suis
1742 790 2009 863 litteris·
2034 788 2168 861 sibi
2220 787 2702 862 intimandum
2760 808 3119 881 curasset,

975 936 1238 1008 rogans
1288 924 1368 980 ut
1397 906 1534 980 sibi
1588 909 1836 980 locum
1868 905 2124 1001 eligere
2173 905 2389 978 vellet
2436 906 2530 978 ad
2574 929 2795 1002 quem
2830 905 2931 978 ad
2984 908 3123 1006 ejus

976 1028 1158 1100 foret
1191 1025 1636 1126 praesentiam
1686 1045 2139 1112 accessurus,
2190 1020 2461 1094 sactum
2492 1037 2599 1093 est
2648 1036 2730 1093 ut
2764 1047 2909 1120 per
2938 1023 3123 1095 illus-

972 1157 1157 1214 trem
1247 1139 1700 1212 Normanniae
1779 1136 2038 1209 ducem
2064 1193 2085 1230 ,
2174 1136 2560 1235 oppidum,
2654 1139 2773 1208 cui
2860 1163 3120 1210 nomen

975 1256 1437 1328 Locus-Veris
1459 1311 1479 1347 ‚
1534 1279 1668 1352 pro
1726 1267 2086 1325 conventu
2144 1251 2645 1349 hujuscemodi
2686 1252 3119 1325 celebrando

974 1390 1155 1446 esset
1205 1373 1589 1462 delectum,
1622 1370 1915 1466 diesque
1963 1372 2148 1440 inter
2183 1393 2307 1441 eos
2340 1367 2719 1440 condictus
2753 1383 2831 1440 et
2875 1394 3119 1467 accep·

973 1506 1202 1580 tatuS,
1267 1488 1362 1562 ad
1422 1512 1639 1584 quem
1684 1489 1761 1558 in
1820 1510 1910 1559 eo
1964 1485 2130 1558 loco
2171 1484 2362 1557 ultro
2410 1485 2737 1580 citroque
2772 1484 3121 1557 haberent

975 1605 1385 1678 convenire.

1073 1725 1258 1791 Cum
1305 1735 1546 1790 autem
1603 1718 1695 1790 ab
1744 1715 2005 1789 eodem
2063 1716 2251 1788 duce
2308 1717 2561 1788 illustri
2608 1719 2840 1814 rogati
2901 1732 2974 1789 et
3025 1743 3121 1789 re·

976 1835 1217 1931 quisiti
1279 1833 1654 1904 fuissemus
1712 1833 1856 1905 suis
1919 1834 2258 1904 interesse
2310 1831 2625 1904 consiliis
2671 1847 2744 1903 et
2814 1857 2995 1903 cum
3044 1857 3119 1902 eo

979 1950 1070 2022 ad
1113 1949 1450 2021 eumdem
1491 1948 1740 2019 locum
1776 1963 2041 2020 statuto
2090 1947 2207 2019 die
2264 1947 2649 2046 proficisci,
2714 1965 3006 2022 nostras
3049 1950 3121 2020 li-

975 2068 1230 2138 benter
1291 2066 1383 2138 ad
1447 2065 1584 2137 sibi
1653 2064 2205 2161 obsequendum
2272 2089 2529 2163 operas
2593 2066 3119 2164 impendimus,

977 2184 1276 2254 scientes
1315 2182 1516 2280 quod
1566 2184 1664 2253 ita
1727 2179 1881 2251 fieri
1928 2204 2051 2250 rex
2103 2204 2234 2276 per
2277 2178 2567 2277 publica
2606 2204 2735 2252 sua
2788 2181 3125 2253 mandata

981 2301 1386 2398 imperarat.
1443 2298 1545 2369 Ad
1593 2298 1870 2370 dictum
1913 2298 2153 2392 itaque
2211 2296 2455 2368 locum
2502 2298 2751 2368 omnia
2791 2323 2886 2369 ex
2940 2299 3122 2371 bona

980 2499 1113 2578 gnie
1141 2501 1317 2576 MgrS.
1349 2497 1430 2553 les
1460 2494 1812 2554 chancellier
1832 2493 2183 2567 (Guillaume
2204 2493 2487 2551 Jouvenel
2515 2492 2615 2552 des
2648 2495 2909 2568 Unius),
2936 2511 3121 2574 grant-

980 2593 1212 2649 maistre
1241 2591 1440 2648 d'ostel
1474 2590 1732 2664 (Charles
1763 2588 1837 2646 de
1868 2589 2112 2660 Melun),
2138 2587 2192 2645 le
2216 2586 2452 2646 bastard
2478 2587 2553 2644 de
2580 2585 2863 2646 Bourbon
2892 2602 2954 2648 et
2985 2610 3118 2648 mes-

979 2685 1091 2740 sire
1130 2683 1456 2741 Guillaume
1497 2683 1804 2752 Cousinot,
1848 2700 1921 2739 en
1968 2680 2262 2738 intencion
2295 2679 2465 2758 qu'ils
2508 2678 2964 2739 assemblassent
2997 2702 3123 2740 avec

983 2783 1204 2840 mondit
1229 2785 1498 2861 seigneur
1525 2783 1761 2840 Charles
1805 2802 1957 2860 pour
1996 2779 2327 2860 besoigner,
2378 2780 2631 2838 traictier
2680 2793 2738 2840 et
2770 2782 3124 2858 appoinctier

982 2878 1041 2933 es
1061 2876 1240 2934 dictes
1269 2877 1555 2937 matiereS.
1591 2903 1614 2925 »ι
1649 2876 2032 2934 Instructions
2053 2874 2154 2932 des
2178 2872 2617 2932 ambassadeurs
2652 2878 2918 2950 envoyes
2952 2895 3051 2952 par
3078 2875 3123 2930 le

980 2969 1068 3026 roi
1109 2990 1183 3026 au
1217 2983 1406 3026 comte
1439 2969 1510 3027 de
1545 2970 1845 3028 Clnarolais
1877 2990 1948 3028 en
1980 2969 2212 3043 janvier
2252 2972 2434 3028 1466.
2470 2968 2787 3026 Collection
2818 2968 2924 3026 des
2955 2969 3123 3026 docu-

982 3076 1168 3119 ments
1209 3062 1448 3132 inedit5‚
1482 3067 1821 3139 sslelanges‚
1855 3076 1894 3121 t.
1932 3067 2010 3132 11,
2042 3085 2104 3142 p.
2137 3065 2276 3122 430.

1063 3161 1119 3212 1.
1169 3157 1440 3214 Derniers
1465 3157 1630 3228 jours
1678 3159 1751 3214 de
1781 3156 2088 3216 decembre
2122 3161 2303 3217 1465.
2338 3161 2418 3216 Le
2465 3157 2574 3227 roi,
2609 3155 2875 3213 eci-ivam
2910 3156 2985 3213 de
3015 3157 3121 3211 cela

980 3271 1057 3307 un
1091 3252 1235 3308 mois
1277 3252 1405 3329 plus
1437 3251 1560 3308 {ard
1603 3272 1676 3308 au
1703 3264 1893 3308 comte
1934 3252 2005 3309 de
2036 3251 2352 3322 CharolaiS,
2406 3249 2727 3328 pretendait
2764 3250 2911 3326 qu’il
2953 3251 3117 3306 s'e'tait

980 3347 1071 3420 agi
1125 3345 1266 3402 dans
1308 3358 1454 3402 cette
1496 3344 1835 3402 ambassade
1866 3346 1939 3402 de
1966 3347 2283 3404 constituer
2308 3365 2386 3401 un
2437 3343 2649 3402 nouvel
2676 3362 2946 3421 apanage
2973 3346 3005 3399 ἐι
3030 3363 3117 3399 son

983 3441 1153 3506 frere,
1187 3459 1360 3516 parce
1401 3460 1515 3516 que
1557 3439 1787 3496 celui-ci
1827 3439 1905 3495 lui
1945 3441 2099 3496 avait
2128 3439 2354 3514 envoye
2380 3438 2504 3495 dire
2532 3441 2564 3494 ὲ
2598 3437 2843 3495 Orleans
2881 3457 2994 3515 par
3028 3458 3117 3494 son

985 3531 1186 3588 main-e
1203 3533 1418 3589 d'hotel
1455 3560 1480 3584 ιι
1517 3552 1629 3608 que
1657 3533 1883 3589 c'estoit
1910 3546 2040 3610 trop
2072 3545 2236 3609 grant
2264 3532 2477 3608 charge
2494 3549 2644 3608 pour
2662 3531 2761 3606 luy
2780 3531 2859 3588 du
2888 3551 3036 3609 pays
3060 3532 3119 3586 de

981 3627 1354 3696 Nox-mandit»,
1383 3639 1438 3681 et
1470 3646 1606 3701 que,
1637 3625 1684 3682 si
1708 3626 1928 3683 e'estoit
1951 3645 2055 3683 son
2087 3626 2282 3703 plaisir
2306 3625 2379 3682 de
2410 3625 2487 3681 lui
2508 3624 2713 3681 baille-r
2734 3624 2927 3681 aultre
2950 3644 3119 3702 appa-

981 3717 1145 3793 naige
1175 3717 1290 3776 bon
1321 3731 1374 3773 et
1405 3719 1785 3790 com-enable,
1815 3720 1853 3777 il
1889 3739 1950 3776 se
1985 3719 2325 3797 departiroit
2350 3717 2701 3775 voulentiers
2730 3717 2806 3774 de
2837 3718 2891 3775 la
2924 3718 3118 3775 duchit·

980 3811 1051 3867 «le
1083 3813 1453 3873 Norinandie.
1479 3840 1502 3861 n
1530 3814 1671 3870 Mais
1695 3815 1749 3870 le
1774 3816 1972 3892 prince
1999 3814 2182 3872 faisait
2213 3813 2336 3870 (lire
2365 3814 2508 3869 dans
2539 3813 2594 3869 le
2619 3815 2811 3869 meme
2842 3827 3029 3891 temps
3056 3833 3119 3869 au

975 3917 1162 3961 comte
1197 3906 1270 3963 de
1303 3906 1598 3963 Chat-uluis
1624 3929 1738 3983 que
1768 3921 1915 3966 cette
1949 3908 2267 3985 pretendue
2301 3907 2721 3975 renonciation,
2756 3907 2903 3964 dont
2942 3908 2995 3965 le
3042 3910 3116 3963 roi

975 4019 1034 4054 ax
1051 3999 1130 4053 ait
1153 3999 1249 4055 fait
1277 4000 1563 4076 repandi-e
1592 4001 1645 4056 le
1670 4002 1822 4058 bruit
1850 4006 2208 4078 partout,‘ne
2237 3999 2489 4076 reposait
2512 4020 2625 4075 que
2650 4020 2751 4057 sur
2778 4001 2881 4058 des
2912 4022 3114 4079 propo>

977 4092 1352 4168 perfidemcnt
1391 4094 1697 4151 ‹lenanu-es
1727 4115 1875 4171 pour
1908 4095 2184 4152 brouiller
2213 4095 2294 4152 les
2322 4092 2575 4153 affaire&
2605 4098 2965 4151 Documents
2992 4096 3115 4150 ine-

974 4187 1114 4254 dits,
1153 4188 1188 4245 1.
1225 4209 1302 4258 0.,
1337 4201 1392 4244 et
1431 4190 1510 4246 les
1556 4209 1803 4267 preuves
1847 4189 1920 4246 de
1960 4194 2033 4250 D.
2076 4189 2292 4248 Murice
2322 4192 2353 4246 ἐι
2384 4188 2674 4245 l’Histoe're
2703 4192 2775 4245 de
2806 4195 3112 4266 Bretagne,

975 4292 1017 4338 t.
1051 4283 1168 4351 111,
1201 4301 1262 4358 p.
1295 4284 1429 4340 126.
