3400 5417
933 543 1049 597 250
1766 533 2144 598 Arctoum
2158 574 2175 610 ,

931 687 1077 744 tam
1131 671 1464 744 decenter
1518 673 1851 764 amictoS,
1900 685 2047 743 tam
2094 672 2328 744 claros
2380 685 2453 742 et
2502 668 2771 742 hilare·
2830 670 3055 743 vultu

930 777 1142 889 atque
1177 793 1371 863 laetos
1419 791 1857 890 praetendere
1874 847 1893 884 ,
1934 803 2053 882 ut,
2090 791 2345 890 procul
2378 788 2641 883 dubio,
2700 783 3053 862 utrm-uin-

927 937 1070 1011 que
1121 909 1558 1011 populorum
1607 923 1755 984 tam
1806 921 2049 1010 aperta
2098 923 2168 983 et
2214 923 2598 1009 conspecta
2652 910 3048 1001 diversius,

931 1051 1080 1100 non
1116 1029 1309 1100 aliud
1352 1047 1570 1127 quam
1615 1025 2091 1099 differentiam
2126 1027 2559 1100 conditionis
2590 1025 2987 1099 liberorum
3014 1047 3053 1098 a

924 1145 1180 1242 pressis
1215 1143 1369 1216 dira
1401 1145 1734 1215 servitute
1768 1151 2121 1215 ostentare
2147 1142 2497 1215 videatur.

1022 1265 1224 1334 Hanc
1258 1262 1625 1360 utriusque
1660 1276 1863 1332 terrae
1914 1276 1984 1332 et
2030 1260 2280 1358 populi
2324 1259 2785 1331 differentem
2813 1259 3051 1330 condi-

923 1377 1198 1448 tionem
1249 1392 1647 1474 statumque
1698 1390 2106 1474 compertos
2152 1390 2222 1447 et
2276 1387 2627 1474 spectatos
2676 1399 2761 1446 se
2796 1373 3049 1448 habere

923 1493 1242 1582 dicebat,
1294 1510 1365 1564 et
1407 1495 1544 1565 alia
1587 1496 1795 1592 plura
1838 1493 1914 1563 in
1962 1491 2289 1564 eamdem
2321 1493 2753 1562 sententiam
2774 1547 2796 1580 ‚
2842 1492 3049 1562 extol-

921 1609 1138 1681 lendo
1189 1609 1394 1681 valde
1452 1634 1608 1707 quae
1651 1611 1729 1681 in
1782 1609 2027 1681 alienis
2076 1607 2408 1696 vidisset3
2467 1623 2679 1705 super
2730 1603 2853 1679 his
2892 1630 3048 1679 vero

922 1724 1438 1797 calamitatibus
1470 1749 1646 1822 quas
1680 1725 1756 1795 in
1792 1745 2013 1819 regno
2047 1723 2384 1822 reperiret
2415 1736 2485 1792 et
2514 1724 2719 1795 terris
2752 1743 3049 1820 quarum

922 1841 1197 1935 genitor
1251 1865 1417 1911 suus
1472 1841 2043 1912 moderationem
2094 1851 2307 1935 atque
2366 1839 3049 1913 administrationem

921 1958 1236 2052 gessisset
1255 2014 1272 2046 ‚
1309 1971 1387 2028 ut
1423 1957 1646 2029 videri
1677 1971 1991 2056 poterat,
2048 1957 2557 2028 commiserans
2603 1974 2825 2054 atque
2868 1961 3049 2056 inge·

920 2074 1248 2165 miscens,
1283 2098 1356 2144 se
1382 2073 1842 2144 vehementer
1874 2073 2186 2170 compati
2219 2071 2655 2170 pauperibus
2678 2076 3049 2168 regnicolis

920 2201 990 2259 et
1021 2188 1108 2259 de
1142 2211 1391 2258 eorum
1422 2189 1787 2286 pauperie,
1827 2187 2161 2258 aerumnis
2194 2196 2263 2256 et
2298 2187 2507 2256 variis
2533 2185 3049 2260 calamitatibus

919 2305 1271 2375 visceroso
1301 2316 1371 2374 et
1405 2313 1556 2374 toto
1593 2304 1838 2374 animo
1875 2302 2262 2374 condolere
2300 2300 2570 2394 aiebat,
2611 2300 2852 2398 deque
2882 2304 3049 2375 nihil

922 2434 1066 2490 tam
1119 2417 1486 2511 affectare,
1545 2441 1765 2514 quam
1812 2433 1891 2489 ut
1928 2418 2018 2488 de
2052 2431 2255 2490 tanto
2286 2441 2408 2487 eos
2441 2418 2897 2490 miseriarum
2941 2445 3048 2490 cu-

920 2535 1116 2605 mulo
1151 2550 1388 2632 posset
1437 2534 1747 2606 relevare
1782 2548 1853 2605 et
1889 2534 2134 2605 omnia
2183 2533 2257 2602 in
2306 2532 2631 2604 debitum
2676 2549 2899 2631 atque
2929 2534 3045 2605 de·

918 2666 1197 2722 centem
1239 2665 1534 2742 statum,
1584 2652 1659 2720 in
1712 2674 1859 2746 quo
1895 2649 2067 2720 olim
2114 2670 2415 2742 regnum
2464 2649 2757 2720 feliciter
2810 2652 3046 2748 priscis

918 2768 1050 2837 illis
1106 2767 1408 2836 florebat
1471 2765 1953 2862 temporibuS,
2022 2765 2439 2835 instaurare.
2500 2767 2721 2861 Atque
2776 2767 3041 2836 utinam

916 2883 1172 2952 effectu
1205 2897 1274 2952 et
1309 2906 1521 2978 opere
1555 2882 1650 2951 ita
1701 2903 1861 2951 eam
1894 2880 2088 2977 piam
2136 2893 2205 2949 et
2240 2891 2555 2951 sanctam
2597 2879 3043 2952 affectionem

917 2998 1379 3088 exhibuisset,
1435 2996 2051 3093 quemadmodum
2088 2999 2378 3095 copiosa
2418 2999 2583 3071 satis
2611 3002 2943 3072 oratione
2978 3014 3042 3070 et

916 3115 1149 3186 verbis
1176 3116 1459 3212 optimis
1493 3111 1759 3186 habere
1795 3113 2196 3185 ostentabat
2227 3111 2241 3183 !

1623 3435 2140 3504 CAPITULUM
2218 3437 2334 3504 111.

947 3640 1235 3704 Quomodo
1267 3640 1543 3692 consilium
1574 3659 1604 3691 a
1629 3639 1783 3690 nobis
1812 3637 1929 3690 dari
1952 3638 2168 3708 expetiit
2188 3679 2200 3701 ‚
2230 3638 2505 3708 quomodo
2532 3652 2638 3692 tam
2662 3641 2814 3712 piam
2841 3641 3000 3694 inten-

1320 3725 1520 3776 tionem
1557 3743 1705 3776 suam
1734 3722 1801 3775 ad
1826 3723 2073 3775 effectum
2106 3722 2397 3793 perducere
2422 3735 2612 3796 posset.

1007 3909 1282 3997 Quibus
1335 3913 1547 3981 etiam
1601 3934 1748 3981 non
1798 3925 2219 4002 contentus,
2276 3935 2481 4003 cum,
2536 3912 2637 3982 uti
2690 3912 3024 4006 diximus,

911 4042 1162 4097 nostra*
1215 4029 1533 4123 parvitati
1593 4053 1725 4125 pro
1782 4043 2025 4097 nostra
2086 4027 2585 4122 hujuscemodi
2636 4030 3029 4100 commoni-

908 4144 1100 4213 tione
1160 4144 1413 4238 gratias
1475 4145 1815 4213 maximas
1876 4168 1947 4213 se
2007 4142 2273 4213 habere
2326 4144 2651 4236 dixisset,
2710 4147 3027 4217 eamdem

906 4260 1116 4330 etiam
1152 4261 1407 4330 iterum
1442 4275 1651 4354 atque
1685 4262 1937 4330 iterum
1966 4259 2361 4354 rogandam
2389 4275 2603 4358 atque
2636 4262 3027 4358 imprecan-
