3400 5417
1002 461 1077 517 84
1545 458 2056 517 HISTORIARUM
2096 458 2448 516 LUDOVICI
2487 458 2574 515 XI

1000 618 1166 665 men
1220 609 1290 664 et
1352 593 1666 690 potentia
1737 617 1886 662 non
1947 591 2167 662 modo
2239 593 2382 662 suis
2456 589 2755 661 subditis
2772 644 2791 680 ,
2859 588 2984 659 sed
3051 604 3123 659 et

998 710 1247 780 vicinis
1274 709 1475 779 terris
1533 707 1896 779 formidini
1945 723 2158 805 atque
2183 709 2434 780 terrori
2470 730 2749 804 semper
2797 704 3114 791 fuerant,

997 827 1189 897 idem
1221 851 1390 897 suus
1433 826 1750 924 pontifex
1796 826 2162 924 privilegia
2201 848 2496 896 suorum
2550 823 2815 894 civium
2862 821 3122 893 decur-

999 940 1251 1033 tabat¹,
1291 966 1446 1037 quae
1496 942 1569 1010 in
1615 940 1928 1036 quadam
1971 939 2216 1011 charta
2263 939 2513 1010 dicunt
2543 962 2616 1009 se
2651 935 2943 1028 habere,
2982 935 3122 1007 ob-

996 1059 1257 1130 servari
1282 1057 1782 1130 inviolabiliter
1809 1082 1853 1129 a
1907 1058 2049 1129 suis
2075 1055 2559 1156 pontificibus,
2597 1054 2774 1125 dum
2803 1054 3124 1153 primum

996 1172 1069 1243 in
1126 1172 1529 1243 dominium
1595 1187 1666 1243 et
1710 1173 2231 1270 possessionem
2295 1170 2536 1270 patriae
2591 1168 3114 1263 ingrediuntur,

994 1303 1439 1360 sacramento
1482 1287 1785 1359 solemni
1834 1288 2058 1383 jurari
2091 1301 2456 1358 consueta.

1084 1403 1225 1474 Sed
1275 1402 1625 1499 quidquid
1651 1404 1954 1473 exterius
1977 1402 2412 1499 jactitarent,
2441 1399 2670 1492 aliud,
2704 1423 2863 1496 quo
2897 1399 3122 1492 magis

995 1518 1069 1588 in
1125 1519 1277 1614 ejus
1347 1517 1599 1588 odium
1662 1516 2252 1613 exardescebant,
2319 1516 2584 1589 latebat
2638 1514 2772 1586 sub
2833 1529 3122 1612 pectore

995 1633 1342 1704 clausurn.
1407 1636 1585 1702 Nam
1648 1657 1811 1703 cum
1833 1688 1851 1724 ,
1918 1634 2022 1704 uti
2070 1631 2354 1703 aiebant
2385 1631 2506 1728 qui
2563 1654 2800 1702 mores
2856 1629 3123 1700 civium

994 1748 1541 1843 Trajectensium
1579 1746 1672 1818 ab
1735 1747 2043 1842 antiquis
2097 1745 2538 1845 temporibus
2599 1744 3006 1843 exploratos
3058 1759 3124 1815 et

995 1865 1273 1958 agnitos
1331 1861 1711 1956 haberent,
1767 1862 1935 1960 ipsi,
1990 1863 2237 1934 saltem
2279 1863 2507 1958 major
2550 1886 2713 1959 pars
2758 1862 3116 1959 ipsorum,

998 1978 1190 2049 velut
1232 1978 1567 2075 praecipui
1631 1990 1958 2049 auctores
2002 2001 2084 2047 ac
2127 1977 2661 2076 pertinacissimi
2714 1976 3123 2048 defensores

996 2116 1276 2190 semper
1312 2092 1597 2164 suerunt
1640 2092 2165 2163 Hoeckensium
2207 2092 2530 2163 factionis
2580 2092 2652 2162 in
2700 2092 2904 2163 omni
2939 2092 3122 2161 circa

999 2207 1324 2301 regione'
1368 2236 1384 2276 ε
1446 2230 1664 2301 quam
1727 2208 1894 2301 quia
1945 2206 2483 2303 quodammodo
2538 2207 2988 2306 depressisse,
3059 2221 3126 2277 et

998 2324 1538 2396 Cabeliavenses
1574 2324 1901 2395 extulisse
1935 2324 2011 2394 in
2071 2324 2450 2395 Hollandia
2479 2323 2899 2420 Burgundiae
2923 2329 3123 2423 prin—

998 2440 1190 2536 cipes
1237 2438 1603 2536 Philippus
1643 2454 1716 2510 et
1751 2440 2045 2511 Carolus
2096 2439 2525 2531 serebantur,
2571 2440 2910 2511 adversus
2961 2466 3116 2527 θος,

998 2568 1066 2625 et
1130 2570 1650 2651 consequenter
1720 2580 1927 2626 suum
1974 2555 2385 2653 pontificem
2431 2570 2502 2626 et
2555 2570 2776 2625 totam
2821 2554 3124 2627 domum

1006 2670 1458 2767 Burgundiae,
1517 2670 1764 2741 odium
1815 2687 2014 2742 vetus
2075 2687 2225 2742 tum
2294 2674 2838 2769 conceperant‘·;
2915 2673 3122 2743 simul

999 2788 1211 2856 etiam
1239 2786 1581 2882 quoniam
1624 2811 1877 2857 eorum
1909 2791 2225 2886 potentia
2259 2814 2535 2886 semper
2590 2813 2713 2860 eos
2747 2788 2880 2859 sub
2931 2806 3123 2861 metu

999 2916 1070 2973 et
1104 2916 1367 2972 terrore
1426 2903 1897 2973 continuerat.
1960 2908 2210 2974 Vetere
2246 2906 2434 2974 enim
2469 2904 2878 3002 proverbiO,
2947 2931 3125 3001 quos

1004 3018 1133 3116 ipsi
1196 3017 1641 3111 metuissent,
1714 3044 2155 3115 consequens
2219 3020 2344 3091 fuit
2399 3020 2597 3115 quod
2660 3036 2732 3091 et
2790 3021 3117 3094 oderint:

1009 3163 1040 3199 α
1087 3136 1320 3218 Quem
1359 3133 1553 3203 enim
1588 3148 1947 3224 metuunt,
2010 3132 2358 3223 oderunt,
2401 3163 2432 3200 n
2483 3136 2713 3232 inquit
2745 3138 3113 3209 comicus‘.
3176 3208 3181 3213 .

1081 3445 1139 3501 1.
1188 3439 1337 3517 Voy.
1369 3440 1675 3508 ci-dessuS,
1707 3460 1767 3517 p.
1802 3442 1902 3509 81,
1934 3454 2068 3498 note
2098 3442 2153 3497 1.

1080 3540 1137 3592 2.
1190 3537 1452 3611 Origine,
1482 3534 1623 3591 dans
1651 3533 1703 3590 le
1731 3534 2063 3591 manuscrit.
2097 3536 2200 3592 Ces
2228 3548 2429 3610 quatre
2458 3548 2604 3591 mots
2631 3551 2946 3615 manquent
2983 3536 3120 3596 (lans

1000 3627 1314 3686 Matthaeus.

1080 3727 1136 3779 3.
1183 3720 1479 3777 Matthaeus
1508 3720 1604 3777 fait
1643 3739 1975 3796 rcmarquer
2001 3740 2113 3795 que
2143 3719 2388 3776 Thomas
2423 3723 2588 3779 Basin
2625 3723 2817 3781 donne
2854 3745 2977 3783 une
3009 3728 3121 3783 im-

999 3828 1271 3891 portancc
1305 3814 1580 3891 exageri‘e
1618 3832 1689 3870 au
1721 3812 1850 3869 vieil
1900 3812 2071 3889 esprit
2120 3811 2191 3867 de
2231 3814 2412 3889 parti,
2463 3813 2636 3891 qu’on
2681 3815 2765 3872 fut
2813 3815 3012 3896 obligaez'¹
3055 3819 3122 3875 de

1000 3920 1198 3964 mettre
1227 3928 1297 3965 en
1327 3920 1500 3964 avant
1526 3906 1667 3964 dans
1694 3920 1842 3965 cette
1876 3906 2139 3964 occasion
2177 3927 2325 3983 pour
2365 3908 2564 3983 palliet·
2595 3910 2674 3967 les
2705 3923 2844 3967 torts
2873 3912 3026 3969 reels
3054 3913 3121 3967 de

994 4002 1257 4078 sevi-que
1288 4000 1604 4057 ‹l'Utreclit.

1076 4099 1133 4153 li.
1183 4094 1514 4152 Matthaeus:
1555 4098 1754 4167 CajuS,
1804 4109 1856 4153 et
1896 4116 1966 4153 en
2015 4107 2189 4151 note:
2237 4120 2256 4144 n
2298 4094 2420 4152 Vid.
2473 4100 2706 4154 Sueton.
2747 4097 2807 4155 in
2849 4100 3115 4179 Calignl„

994 4210 1121 4268 cap.
1158 4210 1292 4248 xxx.
1330 4215 1355 4241 υ
