3400 5417
982 464 1097 521 338
1831 460 2244 531 nomeu,

982 594 1182 667 omni
1228 592 1663 687 obligatione
1721 590 2075 690 praecipue
2103 655 2108 661 .
2132 588 2390 663 debeat
2437 587 2602 661 finis
2654 588 3106 684 obligationis

892 786 897 792 ,
979 703 1277 798 attendi,
1315 702 1633 802 episcopi
1664 716 1906 775 autem
1935 726 2010 781 se
2043 701 2363 797 obligent
2405 699 2500 773 ad
2536 701 2894 799 pastorale
2935 699 3106 771 offi—

978 822 1175 895 cium
1208 819 1741 917 exsequendum
1786 834 2077 918 propter
2117 817 2572 891 subditorum
2611 818 2950 907 salutem,
2983 815 3108 887 ubi

978 936 1433 1009 subditorum
1470 937 1659 1008 salus
1693 936 1906 1029 exigit
1934 959 2254 1034 personae
2287 934 2585 1032 pastoris
2619 934 3103 1030 praesentiam,

979 1075 1129 1123 non
1164 1051 1379 1124 debet
1414 1067 1657 1150 pastor
1705 1074 1986 1146 gregem
2017 1075 2227 1123 suum
2255 1050 2720 1147 personaliter
2753 1048 3105 1137 deserere,

979 1191 1212 1263 neque
1244 1181 1537 1266 propter
1571 1165 1865 1262 aliquod
1911 1164 2380 1237 commodum
2413 1165 2842 1262 temporale,
2879 1188 3112 1261 neque

977 1298 1270 1381 propter
1312 1283 1682 1380 personale
1721 1282 2120 1380 periculum
2152 1280 2288 1352 sibi
2329 1281 2738 1372 imminenS,
2777 1304 2950 1353 cum
2987 1279 3113 1351 bo·

980 1423 1115 1470 nus
1151 1414 1391 1497 pastor
1425 1397 1685 1469 debeat
1717 1423 1987 1496 ponere
2022 1400 2340 1469 animam
2370 1422 2505 1495 pro
2538 1396 2796 1467 ovibus
2833 1396 3010 1467 suis.
3045 1397 3112 1465 Si

976 1538 1149 1587 vero
1203 1514 1655 1587 subditorum
1708 1516 1914 1586 saluti
1963 1515 2186 1612 possit
2233 1539 2360 1612 per
2407 1514 2626 1585 alium
2681 1512 3112 1584 sufficienter

978 1631 1340 1726 provideri
1378 1632 1451 1701 in
1491 1629 1816 1702 absentia
1860 1631 2190 1728 pastoris,
2247 1643 2420 1700 tunc
2451 1630 2615 1700 licet
2642 1630 2958 1727 pastori,
3008 1630 3113 1700 vel

977 1761 1273 1844 propter
1318 1745 1610 1842 aliquod
1656 1745 1966 1817 ecclesiae
2015 1744 2521 1837 commodum,
2579 1744 2690 1815 vel
2737 1746 3114 1843 personale

978 1859 1114 1929 sibi
1167 1855 1561 1933 imminens
1600 1862 2036 1959 periculum,
2079 1862 2544 1959 corporaliter
2598 1884 2890 1956 gregem
2926 1860 3118 1933 dese·

980 1999 1160 2046 rere.
1207 2004 1243 2043 »

1079 2091 1219 2163 Sed
1268 2107 1495 2185 certe,
1546 2116 1962 2189 quanquam
2012 2091 2165 2163 haec
2209 2090 2612 2164 indubitata
2651 2092 2829 2183 sint,
2880 2107 3118 2164 tamen

982 2232 1218 2302 casu5‚
1276 2210 1398 2304 qui
1451 2234 1587 2280 nos
1638 2208 2022 2302 contingit,
2074 2209 2302 2279 multo
2352 2209 2592 2279 minus
2649 2208 3122 2280 dubitationis

979 2324 1226 2417 habet,
1272 2350 1438 2396 cum
1477 2350 1629 2397 non
1663 2326 2039 2423 spontanei
2080 2339 2205 2396 aut
2237 2323 2620 2395 voluntarii
2655 2325 3124 2421 corporaliter

983 2466 1267 2537 gregem
1312 2456 1383 2512 et
1416 2440 1789 2513 ecclesiam
1823 2456 2145 2513 nostram
2178 2440 2722 2531 deseruerimus,
2763 2439 2893 2511 sed
2926 2442 3124 2512 inviti

982 2558 1191 2629 valde
1239 2574 1310 2629 et
1346 2558 1602 2629 coacti.
1650 2562 1832 2627 Cum
1877 2558 2106 2648 enim,
2149 2557 2253 2627 uti
2289 2580 2504 2653 supra
2541 2556 2680 2627 late
2723 2557 3120 2647 retulimus,

986 2673 1077 2744 ad
1113 2698 1353 2768 regem
1401 2673 1928 2744 revertissemus
1975 2673 2064 2743 de
2097 2672 2242 2743 suis
2283 2672 2707 2769 plenissimis
2739 2674 3127 2743 securitati·

984 2790 1122 2861 bus
1172 2790 1465 2882 confisi,
1522 2816 1671 2860 non
1719 2791 1862 2862 alio
1911 2792 2154 2861 animo
2197 2815 2430 2886 neque
2474 2791 2880 2861 intentione
2913 2815 3126 2886 quam

984 2921 1088 2998 ut,
1130 2906 1591 3003 personaliter
1625 2907 1701 2975 in
1742 2906 2039 2976 ecclesia
2073 2921 2315 2976 nostra
2353 2906 2809 2978 residentiam
2845 2907 3120 2998 facturi,

986 3021 1339 3118 pastorale
1380 3036 1786 3118 susceptum
1821 3019 2137 3091 officium
2170 3047 2303 3117 pro
2339 3023 2690 3093 concessis
2733 3047 2780 3095 a
2811 3026 3124 3093 Domino

988 3136 1256 3207 viribus
1294 3161 1866 3232 exsequeremur,
1912 3137 2249 3207 violentia
2284 3139 2572 3235 praecisa
2607 3140 2970 3235 compulsi
3003 3139 3126 3209 sui-

991 3277 1177 3344 muS,
1225 3252 1494 3323 nedum
1536 3252 1900 3322 dioecesim
1945 3265 2066 3321 aut
2119 3253 2563 3347 provinciam
2615 3279 2768 3324 non
2816 3256 3118 3346 intrare,

996 3370 1121 3441 sed
1155 3370 1478 3441 exsilium
1510 3369 1600 3440 ad
1636 3384 1980 3438 trecentas
2014 3369 2252 3439 leucas
2284 3387 2557 3442 remote
2589 3387 2661 3443 et
2685 3388 2886 3444 extra
2918 3376 3128 3445 totius

995 3486 1192 3579 regni
1214 3486 1469 3555 limites
1493 3484 1731 3553 subire
1766 3498 1833 3554 et
1856 3485 2182 3555 tolerare.
2221 3490 2303 3554 Et
2329 3488 2426 3557 ita
2452 3489 2776 3584 profecto
2804 3516 2961 3561 non
2987 3509 3124 3563 tam

996 3601 1365 3671 ecclesiam
1399 3601 1814 3694 reliquimus
1847 3600 1957 3669 vel
2002 3600 2242 3671 sedem
2275 3604 2732 3693 mutavimuS,
2778 3629 3002 3700 quam
3035 3609 3128 3677 in-

1002 3715 1121 3783 viti
1175 3728 1242 3783 et
1288 3714 1569 3810 praecise
1618 3713 1844 3783 coacti
1891 3713 1957 3781 vi
2011 3727 2080 3782 et
2120 3716 2441 3810 potentia
2485 3717 2783 3811 majore,
2833 3720 2952 3788 cui
3002 3744 3127 3788 nec

1002 3831 1314 3900 resistere
1349 3855 1481 3899 nec
1509 3829 1835 3899 reluctari
1871 3828 2018 3898 ullo
2054 3844 2262 3925 pacto
2302 3846 2734 3927 poteramuS,
2777 3836 3034 3905 mutati
3064 3851 3126 3905 et

998 3944 1197 4037 ejecti
1232 3957 1443 4037 atque
1492 3944 1561 4011 in
1606 3942 1930 4013 exsilium
1965 3942 2226 4012 detrusi
2274 3945 2555 4015 suimus.
2602 3951 2908 4043 Propter
2935 3949 3126 4042 quod

1007 4084 1152 4128 non
1202 4083 1665 4154 magnopere,
1694 4058 1934 4152 quoad
1965 4083 2205 4129 casum
2231 4062 2479 4131 attinet
2508 4077 2859 4156 nostrum,
2892 4065 3128 4160 dispu-

1006 4194 1151 4245 tare
1185 4190 1302 4245 aut
1332 4173 1712 4243 defendere
1746 4174 2122 4263 habemus,
2158 4178 2213 4245 si
2245 4175 2449 4248 liceat
2475 4180 2817 4276 episcopo
2843 4197 3130 4276 propter
