3400 5417
922 535 1033 588 {Oti
1474 529 1981 585 HISTORIARUM
2021 529 2374 585 LUDOVICI
2415 531 2498 584 xl

1020 663 1332 730 Fuerunt
1354 659 1623 730 interea
1651 658 1975 756 pluribus
2009 673 2081 729 et
2103 659 2316 731 variis
2343 659 2416 730 in
2448 659 2626 732 locis
2653 680 3046 737 conventus

918 775 1224 871 partium
1242 830 1260 866 ,
1325 799 1459 872 pro
1516 799 1691 871 pace
1753 775 1862 846 vel
1928 789 2171 869 treuga
2229 775 2552 847 ineunda
2607 791 2678 846 et
2729 783 3047 852 reconci-

918 894 1155 964 lianda
1180 950 1199 985 ‚
1261 918 1455 964 nunc
1508 918 1674 963 cum
1726 893 1969 988 legatis
2021 917 2148 963 seu
2202 893 2599 964 commissis
2644 893 2998 991 pontificis
3023 953 3040 985 ,

921 1032 1113 1078 nunc
1140 1032 1306 1079 cum
1332 1008 1577 1103 legatis
1604 1009 1806 1080 ducis
1835 1008 2122 1079 Austriae
2139 1065 2157 1099 ,
2189 1032 2374 1106 saepe
2401 1008 2615 1081 etiam
2641 1032 2809 1080 cum
2842 1012 3046 1081 utris-

918 1148 1097 1218 que,
1139 1125 1503 1197 celebrati.
1550 1126 1689 1195 Sed
1723 1126 1797 1195 in
1835 1124 2172 1196 omnibus
2196 1181 2213 1216 ‚
2253 1150 2422 1195 cum
2453 1150 2732 1222 semper
2770 1134 3048 1199 Amers-

919 1240 1306 1312 sordienses
1338 1257 1409 1312 et
1434 1244 1911 1338 Trajectenses
1959 1266 2168 1313 suum
2205 1240 2622 1339 pontificem
2661 1267 2746 1313 ac
2794 1245 3047 1341 princi-

919 1382 1084 1454 pem
1155 1383 1665 1453 recognoscere
1739 1358 2293 1455 pertinacissime
2359 1383 2442 1430 ac
2505 1357 3047 1430 obstinatissime

919 1490 1362 1565 recusarent,
1403 1498 1778 1571 nunquam
1823 1498 1907 1543 ex
1941 1472 2354 1567 hujusmodi
2406 1473 2883 1545 conventibus
2927 1474 3048 1545 ali·

918 1590 1076 1685 quis
1139 1589 1377 1661 bonus
1442 1590 1708 1661 fructus
1766 1603 2024 1685 optatae
2082 1590 2277 1685 pacis
2330 1591 2443 1661 vel
2502 1604 2763 1685 treugae
2819 1591 3046 1688 potuit

917 1707 1227 1777 evenire.
1301 1708 1491 1793 Quin
1544 1706 1784 1804 potius
1843 1705 2131 1803 publice
2179 1706 2582 1801 jactabatur
2639 1706 2839 1802 quod
2903 1732 3046 1777 non

921 1822 1053 1892 nisi
1118 1822 1210 1893 ad
1284 1823 1992 1893 circumveniendum
2049 1846 2217 1893 suos
2269 1822 2746 1915 adversariw,
2797 1825 2854 1893 si
2906 1848 3048 1920 quo

919 1942 1205 2034 ingenio
1253 1942 1685 2038 potuissent,
1725 1955 1795 2009 et
1828 1939 2263 2035 placandum
2311 1955 2699 2037 utcumque
2734 1965 3049 2011 rumores

922 2081 1317 2153 pauperum
1345 2058 1649 2146 civium,
1690 2080 2000 2151 quorum
2035 2056 2248 2149 longe
2279 2058 2509 2153 major
2538 2082 2704 2156 pars
2740 2082 2890 2127 non
2923 2059 3046 2128 nisi

921 2199 1170 2270 pacem
1223 2174 1605 2272 exoptabat
1650 2190 1718 2244 et
1773 2197 1902 2244 suo
1959 2172 2285 2270 pontifici
2340 2173 2833 2262 reconciliari,
2887 2174 3050 2243 tales

921 2308 1315 2363 conventus
1362 2319 1525 2363 curn
1567 2292 1983 2364 adversariis
2021 2291 2171 2362 fieri
2203 2307 2275 2362 et
2311 2292 2564 2363 haberi
2597 2290 3042 2387 expetebant.

925 2414 1064 2480 Nec
1116 2409 1255 2479 levi
1305 2433 1474 2478 sane
1516 2422 1586 2477 et
1634 2432 1816 2477 vana
1853 2407 2262 2502 conjectura
2314 2432 2398 2477 ea
2454 2406 2860 2476 communis
2903 2430 3050 2475 om-

924 2528 1123 2596 nium
1158 2526 1375 2595 ferme
1412 2524 1778 2593 {estimatio
1817 2524 2237 2596 invaluerat,
2274 2528 2450 2595 Nam
2483 2525 2764 2619 quoties
2797 2523 2891 2594 ad
2929 2524 3051 2593 hu-

914 2640 1111 2734 jusce
1160 2655 1555 2711 conventus
1590 2662 1757 2708 suos
1809 2640 2076 2731 legatos
2126 2639 2602 2733 'trajectenses
2650 2640 3044 2727 mitterent,

922 2780 1199 2852 semper
1234 2782 1273 2824 e
1308 2755 1599 2846 vestigio
1624 2810 1640 2843 ,
1689 2754 1801 2823 vel
1852 2754 1941 2823 ad
1983 2756 2266 2851 rapinas
2323 2752 2681 2824 faciendas
2732 2767 2805 2823 et
2837 2752 3052 2823 abdu-

931 2870 1192 2941 cendas
1243 2870 1516 2965 proedas
1558 2885 1679 2939 aut
1718 2870 2074 2965 captiv05‚
2119 2871 2231 2940 vel
2272 2870 2363 2939 ad
2399 2868 2763 2939 miscenda
2814 2869 3050 2938 incen-

924 2989 1043 3058 dia
1084 2989 1157 3057 in
1195 2988 1394 3057 terris
1426 3002 1495 3055 et
1540 2988 1724 3080 agris
1760 2988 2366 3079 adversariorum,
2407 3012 2572 3055 suos
2607 2984 3043 3057 emittebant.

926 3106 1065 3191 Qui
1114 3105 1517 3199 frequenter
1555 3103 1820 3176 damna
1873 3130 2017 3174 non
2067 3105 2354 3174 modica
2407 3101 2822 3199 improvidis
2865 3118 2932 3173 et
2985 3127 3050 3172 se

932 3222 1396 3317 negligentius
1436 3222 1852 3292 curantibus
1887 3219 2326 3315 ingerebant.
2369 3220 2573 3289 Unde
2611 3244 2758 3288 non
2797 3234 3051 3287 temere

926 3364 1047 3408 eos
1080 3342 1181 3407 uti
1210 3337 1444 3407 verbis
1482 3337 1794 3434 pacificis
1823 3338 1894 3406 iu
1935 3337 2106 3406 doio
2135 3390 2153 3421 ,
2191 3337 2466 3405 nullum
2500 3349 2741 3405 autem
2771 3359 3051 3432 prorsus

925 3454 1434 3550 reintegranda:
1476 3457 1667 3550 pacis
1713 3469 1924 3548 atque
1971 3452 2292 3523 amicitiae
2342 3467 2586 3521 votum
2633 3476 2759 3520 seu
2795 3474 3050 3549 propo-

929 3574 1141 3642 situm
1170 3626 1185 3657 ,
1256 3572 1377 3641 sed
1456 3572 1671 3667 ipsius
1746 3571 1981 3666 potius
2036 3568 2512 3639 distrahendas
2581 3583 2795 3664 atque
2862 3567 3049 3637 elon·

931 3686 1211 3785 ganda‘‚
1256 3712 1492 3781 gerere
1529 3686 1987 3783 putabantur.

1028 3805 1238 3874 initio
1290 3830 1436 3900 quo
1497 3806 1890 3896 Trajecturn
1961 3803 2474 3896 linghelbertus
2526 3801 2615 3872 de
2662 3802 2913 3881 clivis,
2972 3799 3050 3869 dc

934 3946 1077 4017 quo
1119 3946 1330 4018 supra
1370 3920 1882 4005 meminimusss
1917 3920 2251 3989 advectus
2279 3935 2407 4009 est,
2449 3944 2611 3987 eum
2649 3918 2884 3986 omnis
2919 3940 3048 3985 ma-

932 4040 1253 4132 gistratus
1297 4038 1691 4130 regentium
1735 4037 2086 4107 civitatem
2146 4062 2308 4105 curn
2354 4036 2494 4106 suis
2534 4033 2927 4105 fautoribus
2975 4034 3037 4100 in

1012 4284 1063 4333 ’1.
1112 4280 1439 4347 (Ii-(lessus,
1480 4300 1533 4353 p.
1572 4282 1666 4333 97.
