3400 5417
857 490 972 546 3¹¹·
1718 483 2129 558 Ammon,

1541 765 2063 834 CAPrrumM
2114 721 2297 833 xlx.

854 965 1150 1036 Quomodo
1173 965 1342 1020 nostri
1364 979 1744 1038 persecutores,
1770 985 1871 1020 nos
1893 985 1922 1019 e
1945 967 2138 1020 seculo
2154 965 2405 1038 migrasse
2428 965 2807 1040 confingentes,
2830 969 2994 1022 eodo-

926 1052 1054 1105 siam
1079 1063 1335 1119 nostram,
1355 1063 1609 1123 tanquam
1625 1071 1726 1124 per
1748 1051 1955 1104 obitum
1981 1063 2221 1104 nostrum
2244 1063 2539 1120 vacantem,
2562 1065 2687 1106 sunt
2706 1053 2994 1126 prosecuti,

924 1151 976 1190 et
998 1133 1066 1190 de
1087 1137 1316 1191 transitu
1339 1155 1406 1190 ex
1427 1136 1629 1190 Basilea
1649 1137 1707 1190 in
1729 1137 2089 1190 Bmhantiam.
2316 1145 2324 1149 '

957 1322 1306 1410 Quinimo
1373 1319 1956 1416 confingentibus
2022 1321 2285 1392 nostris
2359 1321 3001 1396 calumniatoribus

855 1440 1055 1536 quod
1089 1464 1176 1511 ex
1209 1439 1354 1512 hoc
1379 1439 1638 1509 saeculo
1673 1439 2178 1534 migrassemus
2198 1492 2215 1527 ‚
2256 1437 2730 1511 obtinuerunt
2773 1439 2873 1512 ab
2910 1465 2999 1514 eo

856 1556 1122 1640 litteras
1153 1554 1248 1625 ad
1285 1578 1651 1625 summum
1679 1550 2127 1651 pontificem¹
2151 1566 2223 1624 et
2244 1552 2583 1626 dominos
2602 1554 3001 1628 cardinales

855 1670 1057 1768 quod
1095 1671 1186 1742 de
1241 1669 1538 1741 ecclesia
1571 1684 1817 1741 nostra
1848 1669 2109 1741 stolido
2155 1668 2350 1742 fratri
2382 1670 2573 1742 illius
2603 1672 3003 1769 impiissimi

857 1788 1170 1860 satellitis
1187 1788 1324 1878 sui,
1346 1787 1437 1858 de
1452 1811 1600 1881 quo
1619 1811 1837 1885 supra
1848 1787 2328 1879 meminimus»,
2349 1787 2733 1883 providere
2761 1789 3002 1880 vellet,

856 1919 1202 2000 tanquam
1244 1927 1372 2000 per
1420 1902 1699 1973 obitum
1737 1917 2065 1974 nostrum
2097 1917 2420 1975 vacante.
2467 1902 2571 1973 Ad
2606 1904 3005 2002 capitulum

857 2022 1072 2092 etiarn
1110 2036 1437 2093 nostrum
1479 2020 1954 2092 obtinuerunt
2000 2020 2300 2110 litteraS,
2357 2044 2489 2119 per
2520 2044 2701 2116 quas
2734 2044 2863 2090 rex
2907 2022 3007 2092 eis

858 2137 1251 2209 mandabat
1312 2152 1665 2234 quatenus
1711 2135 2048 2206 eumdem
2110 2135 2389 2209 fatuum
2446 2137 2523 2206 in
2582 2137 3006 2234 episcopum

859 2278 1072 2324 suum
1127 2254 1494 2347 eligerent.
1561 2255 1748 2321 Cum
1806 2250 2072 2346 quibus
2144 2251 2353 2346 regiis
2396 2250 2759 2348 epistoliS‚
2830 2277 3008 2348 quas

860 2370 1034 2441 tales
1075 2387 1144 2441 et
1177 2372 1436 2440 totiens
1479 2367 1941 2460 obtinebant,
1993 2369 2325 2463 quotiens
2370 2382 2441 2438 et
2486 2367 2734 2464 quales
2767 2383 3006 2464 petere

859 2485 1283 2577 voluissent,
1322 2485 1498 2557 hina
1541 2488 1692 2556 vice
1738 2485 1832 2557 ad
1881 2508 2259 2556 romanam
2294 2485 2569 2556 curiam
2601 2483 3009 2582 sumptibus

861 2607 1119 2675 nostris
1149 2619 1220 2674 et
1254 2605 1344 2675 de
1374 2604 1684 2674 ecclesiae
1715 2617 1973 2672 nostrae
2005 2600 2508 2699 proventibuS,
2550 2625 2736 2696 quos
2761 2603 2837 2672 in
2868 2604 3008 2673 suis

860 2719 1226 2791 habebant
1262 2719 1623 2810 manibus,
1665 2718 2058 2813 legationes
2092 2717 2467 2808 miserunt,
2510 2729 2855 2811 tantaque
2884 2718 3009 2787 im-

861 2838 1319 2932 portunitatis
1372 2837 1710 2907 instantia
1752 2835 2119 2906 stultitiam
2174 2858 2378 2904 suam
2428 2833 2881 2906 manifestam
2916 2834 3011 2906 fe·

861 2966 1152 3042 cerunt,
1211 2967 1289 3021 ut
1328 2952 1816 3048 provisionem
1865 2949 1956 3020 de
1996 2952 2147 3046 ipsa
2193 2964 2440 3020 nostra
2474 2949 2815 3036 ecclesia,
2858 2963 3011 3022 tan·

861 3093 1080 3164 quam
1103 3093 1231 3165 per
1259 3068 1537 3139 obitum
1560 3084 1887 3138 nostrum
1910 3080 2234 3157 vacante,
2266 3066 2717 3162 desuperque
2743 3065 3010 3138 litteras

862 3184 1291 3280 apostolicas
1329 3207 1402 3254 se
1441 3198 1840 3280 reportasse
1892 3181 2131 3280 palam
2192 3180 2532 3252 omnibus
2568 3182 3003 3278 jactitarent.

863 3303 1059 3385 Quas
1083 3299 1406 3396 profecto
1429 3300 1485 3369 si
1505 3299 1627 3387 ita,
1660 3300 1763 3368 uti
1782 3324 1855 3369 se
1868 3297 2259 3393 jactabant,
2294 3297 2765 3369 obtinuerunt
2780 3299 3007 3394 (quod

865 3441 1013 3486 non
1068 3417 1235 3488 satis
1277 3417 1658 3487 verisimile
1699 3418 2245 3512 existimamus),
2285 3416 2595 3487 irrisorie
2648 3418 2751 3486 eis
2797 3415 3008 3487 fuisse

863 3557 1275 3626 concessaS,
1316 3559 1483 3604 cum
1519 3535 1609 3604 de
1646 3534 1849 3605 obitu
1885 3550 2132 3606 nostro
2168 3535 2347 3605 nihil
2394 3533 2695 3604 omnino
2732 3549 3011 3604 consta-

866 3665 1007 3739 ret,
1062 3649 1153 3720 ad
1206 3675 1458 3720 eorum
1509 3652 1940 3722 temeritates
1982 3652 2697 3748 importunitatesque
2751 3650 3010 3746 depel-

866 3765 1112 3836 lendas
1165 3766 1403 3836 nullus
1460 3768 1887 3838 addubitare
1946 3782 2203 3864 potest.
2270 3766 2479 3838 Unde
2530 3767 2748 3864 paulo
2796 3783 3004 3864 post,

864 3907 1029 3952 eum
1063 3883 1338 3978 liquido
1376 3886 1446 3953 in
1489 3887 1665 3980 regis
1703 3887 1899 3956 curia
1936 3902 2004 3956 et
2039 3910 2167 3983 per
2199 3901 2425 3957 totam
2460 3885 3005 3974 Normanniam‚

862 3999 1215 4096 praeoipue
1274 4001 1344 4072 in
1403 4016 1646 4072 nostra
1706 4002 2000 4073 ecclesia
2046 4017 2114 4071 et
2178 4003 2502 4088 dioecesi,
2554 4015 3004 4098 compertum

948 4248 1002 4300 1.
1053 4242 1221 4299 Alors
1251 4241 1387 4298 Paul
1429 4244 1505 4300 11.
