3400 5417
879 475 995 535 ¹88
1413 471 1932 531 HISTORIARUM
1970 469 2329 528 Lnnovlcl
2367 471 2455 527 XI

879 606 1051 678 dum
1085 604 1220 679 sibi
1261 605 1552 678 obviam
1589 605 1903 695 venisse,
1941 602 2125 673 illius
2166 603 2513 700 praeclarae
2555 627 2695 672 suae
2729 602 3005 700 expedi-

878 724 1092 795 tionis
1105 723 1300 794 hunc
1315 722 1669 794 honorem
1688 720 2139 815 fructumque
2162 719 2423 808 retulit,
2452 718 2655 788 illum
2675 718 3003 790 infamem

878 840 1505 936 turpissimumque
1542 837 1737 935 pacis
1786 849 2203 924 tractatum3
2246 833 2613 930 factusque
2658 835 2851 904 velut
2900 859 3004 905 sa-

877 953 1075 1026 telles
1130 955 1348 1053 ipsius
1396 954 1634 1044 duciS,
1673 977 1841 1024 cum
1892 951 2151 1023 eodem
2200 949 2293 1022 ad
2336 951 2803 1023 evertendum
2836 955 3005 1021 Leo-

880 1071 1082 1143 dium
1128 1072 1432 1167 illosque
1489 1069 1863 1140 Eburones
1918 1091 2043 1139 seu
2095 1067 2521 1138 Leodienses
2558 1068 2790 1152 venit,
2831 1091 3009 1163 quos

878 1188 1028 1284 ipse
1060 1187 1276 1285 paulo
1304 1202 1507 1278 ante,
1545 1185 1771 1256 multa
1806 1208 1878 1256 se
1920 1185 2021 1256 eis
2067 1185 2541 1281 praestiturum
2575 1184 2836 1255 auxilia
2866 1185 3011 1281 pol-

877 1301 1136 1394 licitus,
1174 1302 1250 1371 in
1283 1326 1483 1372 arma
1505 1301 1842 1372 adversus
1869 1300 2207 1371 eumdem
2238 1297 2499 1369 ducem
2532 1315 3012 1370 commoverat

881 1431 1092 1513 atque
1145 1419 1542 1489 excitarat¹.
1597 1417 1781 1487 Hinc
1825 1414 2226 1513 triumphos
2284 1415 2457 1510 egit,
2496 1413 2649 1484 haec
2685 1416 3012 1510 praeclara

883 1548 1147 1631 tropaea
1171 1533 1261 1605 de
1285 1533 1491 1604 hoste
1529 1533 1767 1604 retulit
1798 1546 2012 1628 atque
2046 1533 2119 1601 in
2151 1533 2453 1627 regn‘um
2477 1556 2686 1601 suum
2714 1531 3004 1603 invexit!

980 1652 1037 1717 E
1074 1647 1336 1744 quibus
1372 1648 1697 1745 profecto
1725 1649 1891 1719 satis
1920 1648 2197 1718 elucere
2227 1662 2440 1743 atque
2463 1645 2768 1719 indicari.
2793 1650 3016 1744 potuit

884 1788 1101 1858 quam
1156 1765 1353 1835 fortis
1405 1779 1476 1836 et
1529 1763 1778 1836 excelsi
1838 1764 2056 1835 animi
2107 1764 2350 1852 suerit,
2417 1765 2543 1858 qui
2598 1789 2747 1834 non
2800 1765 3015 1835 modo

887 1879 1163 1950 hostem
1222 1881 1514 1978 impune
1561 1879 1758 1950 abire
1815 1880 2157 1977 permisit,
2218 1903 2385 1949 cum
2430 1878 2689 1948 eodem
2728 1880 3017 1951 minime

885 2018 1098 2064 ausus
1142 1995 1524 2089 congredi,
1564 1994 1778 2090 longe
1818 2011 2054 2065 tamen
2098 1994 2325 2091 copiis
2367 2008 2581 2090 atque
2618 1993 2893 2066 viribus
2926 1997 3019 2066 in·

888 2109 1244 2202 seriorem,
1279 2136 1529 2183 verum
1563 2112 1780 2182 etiam
1812 2112 2055 2208 spoliis
2089 2111 2233 2180 suis
2267 2112 2536 2208 optime
2574 2126 2916 2182 onustum
2944 2137 3019 2183 ae

889 2225 1224 2297 refertum
1256 2226 1544 2298 dimisit.

989 2347 1209 2413 Porro
1239 2343 1414 2439 quid
1449 2343 1538 2414 de
1576 2341 1714 2413 alia
1759 2341 2210 2438 expeditione
2245 2340 2546 2412 referam
2577 2366 2823 2438 quam,
2864 2369 3021 2414 cum

889 2458 1037 2551 ipse
1085 2457 1674 2552 Burgundionum
1736 2457 1877 2528 dux
1934 2455 2321 2527 Ambianos
2371 2457 2730 2528 obsideret
2781 2461 3023 2554 (quam

891 2572 1244 2642 civitatem
1298 2574 1610 2643 resoluto
1658 2572 1921 2642 foedere
1970 2597 2303 2667 percusso
2348 2574 2419 2642 in
2475 2577 2779 2662 Perona,
2822 2576 3024 2645 simul

892 2708 1056 2754 cum
1107 2683 1378 2784 oppido
1420 2685 1972 2757 viromandensi
2020 2687 2216 2781 quod
2269 2689 2860 2774 Sancti-Quintini
2918 2715 3027 2786 ap-

894 2803 1220 2897 pellatur,
1274 2828 1390 2872 rex
1441 2802 1572 2872 sibi
1610 2801 2051 2896 abstulerat),
2092 2804 2469 2874 contractis
2502 2805 2591 2874 de
2628 2819 2781 2875 toto
2814 2832 3027 2902 regno

895 2918 1221 2988 maximis
1258 2918 1483 3014 copiis
1531 2920 1602 2987 in
1644 2917 1929 3014 oppidis
1966 2933 2034 2987 et
2074 2917 2391 2989 finitimis
2426 2921 2611 3014 agris
2648 2946 3030 3018 congrega-

898 3049 998 3102 rat
1029 3033 1057 3100 Ξ)
1098 3037 1338 3128 Neque
1369 3035 1564 3104 enim
1605 3032 1891 3104 difficile
1930 3049 2139 3103 tantae
2177 3036 2439 3132 talique
2471 3036 2733 3107 militiae
2770 3038 3024 3130 suerat,

895 3148 948 3216 si
1009 3148 1348 3220 ducatum
1408 3151 1672 3221 strenui
1728 3164 1799 3219 et
1858 3153 2289 3244 magnanimi
2356 3151 2556 3223 ducis
2624 3153 3023 3243 habuisset,

897 3265 1178 3336 hostem
1222 3292 1401 3364 saepe
1451 3291 1817 3364 superasse
1868 3282 2079 3360 atque
2118 3269 2557 3364 protrivisse,
2602 3296 2760 3366 quae
2801 3287 2872 3343 et
2910 3298 3029 3342 nu·

899 3406 1096 3451 mero
1132 3398 1197 3453 et
1238 3383 1453 3453 armis
1487 3407 1570 3452 ac
1609 3380 1879 3452 viribus
1909 3383 2121 3478 longe
2158 3384 2458 3455 validior
2494 3401 2562 3456 et
2594 3390 3031 3484 praestantior

899 3515 1072 3569 erat.
1117 3499 1516 3594 Aliquando
1569 3499 1903 3592 equidem
1956 3514 2016 3570 et
2070 3500 2395 3597 pluribus
2430 3504 2863 3575 continuatis
2895 3507 3030 3575 die-

898 3615 1034 3684 bus
1087 3616 1253 3712 ipsis
1297 3615 1787 3685 obsessoribus
1846 3641 2137 3686 annona
2182 3618 2456 3708 deerat,
2502 3634 2648 3688 tam
2695 3646 2829 3717 pro
2875 3623 3029 3691 viris

900 3756 1115 3826 quam
1161 3757 1294 3828 pro
1343 3735 1542 3826 equis
1588 3733 1765 3818 suiS,
1818 3758 1982 3801 eum
2020 3747 2255 3803 tamen
2306 3750 2370 3803 et
2410 3734 2713 3806 obsessis
2748 3753 2813 3806 et
2862 3739 3031 3830 regis

899 3849 1233 3919 exercitui
1267 3851 1507 3919 omnia
1547 3847 1851 3917 ubertim
1886 3846 2358 3920 abundarent.
2400 3831 3030 3924 Sed'nihilominus

901 3965 990 4036 ad
1037 3979 1393 4035 certamen
1454 3979 1523 4034 et
1574 3991 2030 4056 congressum
2087 3969 2233 4062 ipse
2282 3995 2398 4039 rex
2454 3970 2883 4042 descendere
2926 3971 3027 4041 vel

989 4201 1038 4254 ¹.
1081 4201 1228 4271 voy.
1266 4213 1305 4255 t.
1338 4201 1434 4268 11,
1467 4218 1522 4273 p.
1562 4201 1674 4253 190
1708 4212 1757 4250 οι
1791 4201 1926 4253 200.
