3400 5417
968 478 1039 533 52
1520 481 2030 537 HISTORIARUM
2073 482 2424 539 LUDOVICI
2469 480 2554 539 xl

964 636 1096 681 nec
1130 609 1628 705 hujuscemodi
1666 612 2066 682 Germaniae
2118 611 2367 710 populi
2409 610 2500 682 de
2545 609 2804 682 talibus
2845 612 3092 709 prodi-

963 725 1280 798 tionibus
1324 727 1595 818 notari,
1653 726 1778 798 sed
1825 729 2061 824 potius
2110 727 2198 799 de
2237 726 2572 798 fidelitate
2617 749 2702 797 ac
2747 726 3099 821 legalitate

965 840 1458 913 commendari
1495 858 2023 914 consueverunt
2042 848 2081 913 ¹.

1058 956 1207 1028 Tali
1235 981 1404 1028 vero
1456 956 1707 1054 oppidi
1741 958 2066 1028 Dolensis
2116 957 2545 1047 infortuni0‚
2583 956 2780 1053 quod
2830 960 3100 1028 caeteris

967 1075 1209 1172 patriae
1256 1072 1539 1171 oppidis
1592 1088 1655 1143 et·
1705 1074 2114 1169 opulentius
2163 1088 2233 1144 et
2281 1074 2625 1144 munitius
2671 1072 3093 1171 putabatur,

962 1190 1288 1260 exterrita
1320 1189 1458 1261 alia
1495 1189 1738 1286 patriae
1773 1189 2041 1286 oppida
2098 1203 2170 1259 et
2223 1190 2507 1261 castella
2559 1190 2777 1261 ferme
2811 1191 3094 1277 omnia,

962 1305 1197 1375 statim
1271 1304 1688 1375 melioribus
1757 1329 1974 1401 quam
2050 1320 2437 1402 potuerunt
2512 1306 2822 1402 acceptis
2905 1308 3100 1403 pacis

960 1419 1531 1510 conditionibus,
1570 1418 2013 1490 deditionem
2039 1418 2357 1490 fecerunt
2393 1434 2463 1490 et
2497 1418 2631 1489 sub
2663 1420 2938 1514 regiam
2974 1446 3101 1517 po·

963 1550 1324 1626 testatem,
1376 1536 1575 1606 inviti
1620 1536 1784 1605 licet
1831 1550 1902 1606 et
1947 1534 2155 1606 valde
2203 1534 2770 1633 repugnantibus
2801 1537 3096 1621 animi3‚

965 1650 1431 1722 devenerunt.

1055 1772 1238 1838 Cum
1252 1794 1422 1838 vero
1444 1770 1938 1864 conspicerent
1959 1770 2339 1857 SuitenseS,
2367 1770 2768 1863 conquisita
2781 1774 3100 1868 Burgun-

960 1884 1114 1977 dia,
1138 1898 1284 1955 tam
1318 1910 1357 1955 e
1381 1885 1793 1981 propinquo
1820 1883 1954 1954 sibi
1982 1886 2295 1955 vicinum
2333 1909 2607 1980 regem,
2641 1886 2843 1981 cujus
2882 1886 3099 1958 fidem

960 2015 1029 2070 et
1062 2001 1404 2093 justitiam
1449 2000 1613 2070 satis
1662 2025 1706 2070 a
1752 2000 1978 2070 multo
2016 2016 2337 2096 tempore
2383 2002 2785 2097 exploratas
2828 2002 3101 2073 habere

964 2132 1348 2213 potuerant
1374 2174 1391 2209 ‚
1432 2118 1746 2188 edictum
1788 2120 2243 2215 proposuisse
2289 2118 2663 2210 dicuntur,
2720 2133 2800 2189 ut
2845 2144 3100 2192 omnes

959 2233 1081 2327 qui
1120 2233 1209 2304 de
1244 2235 1387 2304 suis
1420 2258 1503 2304 ac
1545 2232 1680 2303 sibi
1715 2232 2222 2304 foederatorum
2247 2235 2446 2304 terris
2485 2233 2631 2330 regi
2662 2234 3094 2321 militabant,

959 2348 1049 2418 ad
1100 2374 1301 2420 suam
1340 2352 1686 2446 patriam,
1739 2348 1918 2418 infra
1959 2348 2328 2445 praefixum
2364 2351 2463 2421 eis
2508 2349 2736 2442 diem,
2791 2375 2948 2423 sese
2999 2378 3102 2422 re-

961 2465 1359 2549 traherent3
1402 2465 1720 2559 alioquin
1749 2521 1764 2554 ‚
1807 2464 1996 2533 velut
2034 2464 2309 2534 banniti
2341 2480 2409 2535 et
2442 2467 2715 2537 exsules
2749 2483 3102 2564 perpetuo

960 2582 1418 2652 haberentur.
1463 2585 1628 2665 Quo
1674 2595 1968 2675 accepto
2017 2583 2269 2650 nuntio
2295 2637 2312 2670 ‚
2351 2582 2569 2676 petita
2606 2606 2648 2652 a
2685 2607 2850 2675 rege
2887 2583 3104 2654 licen·

960 2702 1055 2769 tia
1102 2699 1194 2770 ad
1247 2700 1539 2795 propria
1588 2697 1976 2785 redeundi,
2035 2697 2386 2768 satisfacto
2434 2700 2533 2769 eis
2595 2698 2684 2770 cle
2743 2703 3102 2797 promisso

961 2813 1314 2911 stipendio
1344 2819 1397 2904 ²,
1456 2814 1547 2884 ad
1608 2840 1736 2884 sua
1797 2817 2158 2885 revertisse
2213 2815 2571 2885 dicuntur.
2637 2820 2796 2886 Non
2859 2830 3100 2889 tamen

966 2930 1336 3001 verisimile
1383 2944 1718 3025 putamus
1759 2932 1932 3026 quin
1983 2931 2220 3026 plures
2261 2931 2498 3002 adhuc
2548 2931 2915 3002 militaturi
2959 2936 3100 3027 regi

962 3047 1465 3135 remanserint,
1510 3046 1942 3141 stipendium
1994 3046 2188 3139 quod
2243 3072 2282 3117 a
2327 3072 2486 3141 rege
2534 3047 2939 3144 accipiunt,
2997 3050 3104 3119 his

966 3159 1217 3250 boniS,
1272 3184 1428 3253 qua:
1472 3158 1663 3254 apud
1709 3183 1874 3227 suos
1925 3158 2234 3228 habituri
2299 3176 2566 3249 essent,
2617 3160 3096 3256 praeferentes,

966 3279 1143 3345 Sunt
1186 3277 1380 3344 enim
1434 3274 1703 3369 majora·
1743 3299 1821 3341 ex
1873 3290 2069 3369 parte
2119 3276 2187 3343 iu
2239 3276 2545 3372 propriis
2584 3275 2872 3346 sedibus
2921 3304 3103 3375 pau-

970 3417 1169 3487 peres
1197 3406 1265 3460 et
1296 3398 1570 3486 inopeS‚
1607 3405 1852 3487 utpote
1883 3392 2004 3484 qui
2048 3391 2327 3486 Alpium
2367 3391 2614 3485 frigida
2647 3392 2804 3462 loca
2831 3448 2849 3481 ‚
2886 3408 3106 3491 atque

960 3510 1131 3603 juga
1167 3508 1364 3579 arida
1403 3508 1800 3603 steriliaque
1838 3508 2184 3577 incolunt.

1070 3621 1383 3690 Bisuntio
1410 3622 1429 3654 ³
1495 3645 1702 3709 vero,
1783 3620 2074 3714 antiqua
2154 3636 2221 3688 ct
2296 3618 2498 3689 firma
2569 3620 2851 3711 civitaS‚
2933 3647 3105 3693 cum

971 3736 1230 3805 videret
1272 3761 1515 3807 casum
1552 3737 1764 3805 totius
1793 3736 2178 3828 adjacentis
2212 3738 2628 3831 proviliciae,
2664 3761 2792 3807 nec
2827 3738 3107 3811 viribus

1051 3957 1105 4008 1.
1157 3952 1351 4009 Gollut
1393 3952 1584 4007 donne
1615 3952 1666 4007 le
1697 3950 1791 4007 fait
1840 3971 1985 4025 pour
2017 3952 2254 4019 certain,
2295 3956 2595 4008 alamon-es
2625 3955 2698 4008 de
2728 3958 2785 4007 la
2814 3957 3106 4011 Francke-

972 4052 1191 4111 Comte'‚
1225 4046 1262 4100 l.
1298 4049 1380 4107 ΙΙ,
1417 4045 1507 4101 ch.
1544 4064 1699 4101 xux.

1050 4141 1105 4194 2.
1160 4140 1199 4194 lt
1235 4159 1265 4213 y
1296 4159 1327 4194 a
1358 4138 1498 4194 dans
1530 4140 1579 4193 tv
1611 4138 1920 4193 manuscrit
1949 4143 2018 4193 dc·
2048 4148 2322 4213 promisso
2351 4144 2422 4195 de
2455 4145 2758 4215 promerito
2791 4149 3100 4217 stipe-redeo.

1053 4238 1107 4291 3.
1159 4240 1474 4290 Bc'sunticma
1514 4232 1654 4288 dans
1684 4234 1734 4288 le
1765 4252 1868 4289 ms,
