3400 5417
874 529 949 584 90
1414 528 1926 586 HISTORIARUM
1965 529 2321 586 LUDOVICI
2361 531 2446 585 xl

864 658 1224 754 jaciebant
1246 714 1265 751 ‚
1320 660 1495 731 nihil
1550 660 1855 757 amplius
1907 661 2085 731 votis
2137 675 2578 760 expetentes,
2637 687 2853 760 quam
2906 680 2980 735 ut

872 789 1291 864 moreretur,
1328 790 1398 846 et
1432 775 1693 873 periret
1722 798 1989 847 nomen
2021 775 2194 872 ejus,

1530 1080 2033 1149 CAPITULUM
2082 1081 2328 1149 XXIV.

874 1296 1162 1365 Quomodo
1192 1296 1441 1350 dominus
1463 1296 1811 1368 Trajectensis
1831 1297 2010 1369 posuit
2035 1294 2277 1369 praesidia
2305 1294 2532 1348 militum
2560 1294 2615 1347 in
2649 1295 2826 1365 Wyck‚
2857 1296 2988 1346 Rhe-

946 1400 1043 1433 nen
1074 1395 1125 1434 et
1159 1382 1446 1451 Yselsteyn5
1484 1381 1606 1451 qui,
1644 1400 1709 1434 ex
1745 1400 1871 1445 una,
1903 1394 1954 1433 et
1989 1380 2081 1433 alii
2111 1380 2332 1443 ratheri,
2359 1379 2553 1449 quibus
2582 1378 2860 1450 impletum
2896 1379 2992 1431 fuit

946 1468 1270 1538 'l'rajectum‚
1296 1487 1359 1521 ex
1382 1468 1543 1521 altera
1572 1468 1831 1540 partibus,
1865 1479 2028 1520 totam
2058 1464 2383 1538 adjacentem
2409 1464 2636 1537 patriam
2661 1464 2924 1519 incendiis
2942 1479 2996 1519 et

945 1552 1144 1625 rapinis
1160 1564 1511 1607 vastaverunt.

976 1746 1157 1813 Cum
1207 1757 1444 1814 autem
1489 1742 1683 1814 idem
1716 1743 1968 1840 praesul
2011 1757 2081 1813 et
2130 1742 2465 1814 dominus
2505 1742 2776 1814 videret
2824 1743 2994 1814 civi·

878 1873 1094 1929 tatem
1144 1882 1347 1929 suam
1399 1872 1596 1930 tanta
1642 1858 2098 1929 rutherorum
2161 1873 2232 1930 et
2271 1858 2584 1956 plurium
2633 1882 2720 1929 ex
2767 1883 2996 1956 popu-

877 1974 1005 2046 lari
1052 1972 1503 2044 multitudine
1552 1974 1816 2044 civium
1851 1988 2102 2045 contra
2141 1998 2214 2045 se
2248 1975 2634 2066 munitam,
2693 1999 2990 2072 eosque,

878 2089 1002 2186 qui
1048 2086 1501 2185 tyrannidem
1545 2089 1616 2158 in
1664 2113 1751 2159 ea
1787 2090 2270 2186 arripuerant,
2312 2088 2491 2159 nihil
2540 2087 2731 2160 aliud
2782 2115 2998 2186 quam

882 2230 954 2275 se
979 2204 1336 2302 perditum
1363 2205 1450 2276 iri
1489 2218 1736 2302 optare
1777 2229 1861 2276 ac
1899 2205 2172 2298 moliri,
2207 2203 2461 2276 habuit
2495 2204 2642 2301 ipse
2676 2229 2994 2297 necesse,

882 2321 974 2392 ad
1013 2321 1529 2418 protectionem
1568 2321 1716 2412 sui,
1757 2321 1971 2390 etiam
2016 2344 2165 2390 sese
2213 2318 2633 2391 militaribus
2665 2318 3002 2417 praesidiis

878 2438 1349 2507 communire.
1390 2438 1593 2508 Unde
1629 2438 1701 2506 in
1738 2434 1963 2507 tribus
1987 2435 2340 2533 praecipue
2377 2434 2660 2532 oppidis
2682 2487 2700 2523 ‚
2739 2434 3000 2506 civitati

879 2552 1162 2640 vicinis,
1202 2552 1528 2623 videlicet
1565 2550 1830 2645 Hya-lt,
1871 2550 1995 2621 ubi
2049 2552 2194 2647 ipse
2235 2574 2514 2621 moram
2562 2548 2895 2638 faciebat,
2934 2564 3004 2619 et

884 2669 955 2738 in
987 2668 1249 2740 Rhenis
1268 2671 1285 2705 ¹
1315 2683 1525 2763 atque
1556 2667 1948 2737 Yselstania
1967 2722 1985 2758 ‚
2017 2665 2320 2735 militum
2352 2663 2674 2763 praesidia
2703 2663 3005 2735 advoca·

884 2787 1008 2857 vit.
1062 2786 1426 2884 Oppidum
1450 2801 1689 2857 autem
1722 2784 2206 2856 Amersfordiae
2227 2788 2249 2819 ²
2267 2838 2286 2871 ‚
2327 2782 2526 2881 quod
2553 2799 2761 2855 antea
2789 2785 3001 2855 etiam

882 2901 1145 2971 civium
1188 2901 1747 2972 dissensionibus
1793 2916 1862 2971 et
1915 2900 2179 2971 mutuis
2231 2900 2492 2970 civium
2543 2898 3004 2995 proscriptio-

882 3014 1095 3087 nibus
1148 3016 1487 3110 agitatum
1537 3017 1799 3108 suerat,
1860 3031 1928 3086 et
1985 3018 2058 3085 in
2115 3040 2262 3112 quo
2317 3015 2830 3113 praevaluerant
2881 3018 3005 3113 qui

884 3135 1096 3221 civeS,
1135 3157 1265 3203 suo
1303 3133 1579 3229 praesuli
1611 3133 2082 3229 obsequentes
2116 3146 2328 3227 atque
2362 3131 2708 3222 faventeS‚
2749 3132 3006 3228 injuria

886 3266 955 3321 et
988 3249 1625 3347 proscriptionibus
1658 3250 2072 3339 affecerant,
2130 3248 2690 3346 pertinacissimo
2749 3247 3010 3319 foedere

888 3367 1308 3463 Trajectensi
1340 3367 1639 3457 civitati,
1678 3379 1929 3436 contra
1973 3365 2304 3436 eumdem
2353 3389 2560 3435 suum
2593 3365 3004 3461 praesulem,

887 3506 961 3553 se
997 3483 1412 3552 constrinxit
1439 3496 1651 3576 atque
1684 3480 2020 3551 devinxit.

989 3600 1131 3666 Nec
1156 3599 1177 3631 ³
1206 3621 1408 3666 mora
1438 3597 1650 3691 longa
1683 3594 2113 3682 F1·idericus‚
2151 3593 2483 3665 dominus
2521 3594 2609 3665 de
2642 3596 2969 3667 Iselslein
2991 3655 3008 3688 ,

892 3714 1185 3810 stipatus
1220 3712 1520 3783 rutheris
1560 3714 1728 3802 suiS‚
1769 3713 1860 3783 ad
1899 3710 2391 3783 suburbanum
2419 3727 2638 3809 portae
2673 3715 3010 3805 civitatiS,

893 3852 1049 3921 quae
1101 3828 1371 3898 Sanctae
1423 3826 1817 3898 Catharinae
1870 3842 2428 3921 cognomentum
2485 3828 2739 3919 habet,
2797 3846 3012 3900 noctu

978 4068 1035 4121 1.
1082 4068 1318 4139 Rcynen
1348 4068 1679 4137 (Rencsse).

980 4165 1037 4219 2.
1084 4160 1459 4218 Amerssoort.

985 4260 1039 4311 3.
1086 4260 1177 4312 Sic
1204 4253 1519 4321 Matthaeus,
1553 4270 1605 4309 ct
1637 4253 1776 4310 dans
1807 4255 1857 4310 le
1893 4276 1996 4312 της.
