3400 5417
878 519 991 576 38¹*
1742 520 2121 579 APOLOGIA
2142 561 2158 589 ,

874 652 969 723 ad
1033 674 1351 723 annuam
1410 653 1774 750 accipiunt
1844 677 1970 724 seu
2035 650 2457 723 conducunt
2523 654 3008 752 pensionem?

874 774 1102 866 Atque
1170 770 1445 841 utinam
1523 770 1677 843 sola
1729 768 1882 843 haec
1939 770 2014 841 in
2083 771 2184 841 eis
2243 768 2749 845 insufficientia
2799 786 3008 865 esset,

874 884 1136 958 scilicet
1187 886 1589 981 ignorantia
1633 887 1838 983 juris.
1904 884 2299 957 Tolerabile
2346 901 2531 959 esset
2569 888 2816 983 utique
2865 911 3014 959 ma-

874 1001 1028 1072 lum
1050 1060 1070 1095 ‚
1129 1004 1351 1075 modo
1392 1002 1667 1076 bonam
1719 1018 1788 1075 et
1844 1016 2108 1074 rectam
2156 1028 2290 1100 pro
2341 1028 2473 1075 sua
2504 1005 2810 1076 naturali
2841 1029 3012 1103 pru·

874 1118 1116 1191 dentia
1153 1120 1331 1217 juris
1370 1118 1658 1193 dicendi
1689 1134 1760 1190 et
1795 1118 2152 1191 statuendi
2186 1136 2512 1215 gererent
2538 1121 3004 1193 voluntatem.

873 1237 1078 1332 Atqui
1126 1237 1448 1334 profecto
1486 1236 1944 1307 communius
1989 1236 2250 1309 accidit
2289 1252 2372 1308 ut
2401 1263 2486 1309 ex
2538 1237 3013 1334 iniquioribus

874 1351 963 1421 de
1008 1353 1219 1423 Israel
1269 1352 1693 1450 iniquissimi
1741 1351 1833 1422 ad
1881 1351 2050 1423 talia
2103 1350 2343 1422 officia
2393 1353 2786 1425 eleventur.
2839 1358 3008 1447 Nec,

873 1469 1008 1538 nisi
1065 1494 1231 1540 cum
1278 1468 1729 1563 difficultate,
1793 1468 1993 1540 aliter
2045 1468 2459 1564 contingere
2518 1483 2794 1567 potest,
2848 1494 3014 1540 cum

873 1610 1022 1655 non
1058 1584 1231 1656 alias
1280 1609 1499 1682 quam
1557 1586 1650 1657 ad
1702 1586 2114 1657 auctionem
2161 1600 2231 1655 et
2262 1585 2398 1657 sub
2455 1585 2724 1658 tributo
2758 1611 3013 1659 annuae

871 1701 1237 1797 pensionis
1281 1700 1783 1772 arrendentur.
1832 1700 2051 1788 Quod
2102 1724 2271 1771 cum
2338 1701 2446 1771 vir
2483 1700 2723 1772 bonus
2766 1718 2838 1774 et
2867 1702 3013 1798 jus-

872 1818 1035 1886 titiae
1078 1817 1340 1888 zelator
1400 1819 1701 1913 quisque
1744 1818 2130 1889 exhorrere
2181 1832 2251 1887 et
2305 1820 2652 1890 exsecrari
2707 1817 2968 1891 debeat
2989 1873 3008 1909 ‚

874 1946 949 2003 ut
987 1934 1078 2005 ad
1112 1933 1595 2029 iniquissimos
1626 1933 1988 2025 homineS,
2029 1933 2281 2031 praedae
2324 1948 2395 2005 et
2442 1934 2858 2031 rapinarum
2895 1959 3013 2005 ve·

873 2065 1157 2121 natores
1206 2065 1421 2147 atque
1465 2050 1770 2149 cupidos
1794 2105 1813 2141 ,
1862 2051 2284 2147 perveniant
2315 2065 2622 2148 oportet.

1612 2394 2130 2463 CAPITULUM
2182 2397 2270 2462 X.

991 2586 1072 2636 De
1098 2583 1305 2655 vulgari
1329 2584 1561 2637 clamore
1586 2584 1654 2637 de
1679 2586 1854 2653 haran,
1883 2598 1932 2638 et
1962 2598 2096 2639 statu
2121 2585 2506 2641 advocatorum
2529 2588 2890 2642 Not-mannia.

966 2781 1292 2865 Quantos
1325 2804 1493 2849 vero
1550 2792 1620 2848 et
1660 2792 1931 2873 quanta
1974 2777 2304 2849 facilitate
2355 2778 2591 2848 litium
2639 2782 3013 2876 voragines

867 2908 938 2964 et
991 2894 1588 2964 inextricabilium
1636 2894 1965 2965 cumulos
1999 2895 2473 2988 quaestionum
2510 2895 2836 2993 quotidie
2866 2924 3012 2968 sus-

866 3012 1033 3081 citet
1065 3026 1135 3081 et
1161 3012 1417 3083 exoriri
1459 3012 1663 3082 saciat
1692 3012 2000 3105 vulgaris
2049 3027 2120 3083 et
2171 3028 2526 3105 assuetuS‚
2585 3014 2829 3084 nescio
2877 3038 3016 3110 qua

866 3125 1178 3221 primum
1263 3141 1547 3198 exortus
1605 3125 1938 3197 barbarie
1963 3128 2005 3216 ¹,
2076 3127 2348 3197 clamor
2398 3128 2517 3198 ille
2591 3128 2682 3199 de
2737 3128 3009 3217 leat-au,

868 3266 1083 3312 nemo
1125 3256 1229 3313 est
1278 3244 1398 3338 qui
1451 3241 1883 3313 sufficienter
1919 3242 2176 3313 referre
2213 3244 2472 3339 possit3
2516 3245 2606 3315 de
2645 3270 2795 3341 quo
2835 3246 2890 3315 si
2925 3244 3012 3317 ad

864 3358 1162 3454 plenum
1227 3357 1438 3428 nobis
1489 3357 1880 3428 dicendum
1942 3372 2122 3428 esset
2152 3412 2170 3449 ‚
2224 3372 2295 3428 et
2354 3384 2606 3431 omnes
2662 3358 3014 3432 referendi

865 3472 1163 3564 aluisus,
1207 3476 1449 3544 omnia
1487 3475 1721 3544 litium
1770 3473 2179 3566 involucra,
2234 3476 2480 3547 omnia
2532 3476 2802 3548 damna
2847 3478 3012 3549 inde

865 3588 1128 3659 accolis
1190 3592 1429 3686 patri-ee
1497 3591 1995 3687 provenientia
2060 3591 2480 3684 retexenda,
2546 3617 2703 3687 quae
2767 3594 3012 3664 dietim

865 3728 947 3773 ac
1013 3706 1273 3801 passim
1324 3706 1591 3803 ubique
1652 3732 1779 3805 per
1833 3721 2057 3777 totam
2123 3709 2574 3805 provinciam
2628 3710 2798 3780 inde
2846 3736 3009 3808 pro-

863 3821 1107 3890 venire
1165 3822 1732 3919 conspiciuntur,
1777 3847 1909 3892 nec
1965 3848 2098 3894 nos
2137 3823 2229 3894 ad
2289 3824 2431 3895 hoc
2479 3824 2832 3914 sufficere,
2882 3850 3010 3897 nec

866 3962 1342 4035 quemquam,
1411 3939 1543 4009 nisi
1607 3964 1871 4033 magno
1952 3938 2258 4038 desuper
2334 3941 2529 4013 edito
2599 3941 3000 4034 volumine,

957 4187 1004 4240 ¹.
1052 4184 1141 4239 On
1171 4185 1317 4238 n'est
1348 4202 1448 4258 pas
1482 4180 1613 4257 plus
1654 4181 1873 4239 avane&
1921 4182 2295 4242 maintenant.
2335 4183 2475 4243 Voir
2513 4185 2567 4243 le
2602 4185 2892 4245 Glossaire
2935 4186 3004 4246 de

865 4279 953 4331 Du
985 4278 1174 4355 Gange
1205 4296 1319 4333 aux
1352 4290 1497 4334 mots
1526 4281 1724 4352 Har-op
1748 4290 1804 4333 et
1833 4282 2083 4352 Haroep.
