3400 5417
937 511 1060 572 ³00
1799 504 2209 574 mmmm,

1595 799 2115 871 CAPITULUM
2165 799 2383 867 xvu.

984 1027 1064 1078 De
1082 1021 1318 1078 adventu
1342 1020 1520 1075 nuntii
1544 1021 1686 1094 regis
1708 1016 1779 1073 nd
1807 1037 1908 1073 noo
1928 1015 2220 1084 Gebennin‚
2248 1033 2374 1070 eum
2397 1011 2633 1088 epistolis
2654 1027 2707 1069 et
2726 1012 3043 1070 mandat-³⁸.

1025 1223 1167 1296 Sed
1201 1247 1366 1296 ecce
1395 1247 1564 1294 cum
1591 1220 1961 1294 Gebennis
1985 1245 2325 1313 essemus,
2360 1235 2434 1293 et
2464 1221 2769 1318 illicjam
2806 1244 3103 1318 magna

928 1342 1060 1414 Dei
1112 1341 1552 1438 benignitate
1596 1353 1668 1410 et
1700 1339 2083 1410 clementia
2150 1351 2507 1412 extractos
2565 1337 2657 1410 de
2719 1337 3104 1432 Lugduno

922 1458 1148 1530 libros
1168 1511 1188 1546 ,
1229 1473 1456 1529 vestes
1487 1471 1558 1527 et
1590 1457 1945 1550 reliquam
1980 1454 2544 1556 suppellectilem
2589 1453 3045 1525 haberemus
3073 1507 3097 1542 ,

929 1575 1130 1647 adest
1167 1589 1239 1646 et
1275 1573 1368 1646 ad
1402 1598 1536 1643 nos
1567 1571 1859 1643 advolat
1893 1571 2011 1641 ille
2044 1570 2281 1665 regius
2317 1570 2650 1661 nuntiuS,
2688 1570 2901 1666 cujus
2932 1585 3101 1642 tan·

927 1706 1083 1762 tum
1107 1746 1127 1783 ,
1189 1687 1811 1786 quemadmodum
1876 1687 2345 1784 praemisimus
2365 1739 2387 1775 ,
2436 1684 3099 1758 formidaveramus

929 1831 1338 1896 occursum,
1389 1830 1481 1875 ne
1532 1829 1668 1875 nos
1722 1805 1799 1874 in
1850 1803 2057 1874 terris
2104 1800 2678 1900 apprehenderet
2728 1803 2943 1897 regiae
2980 1803 3097 1874 di-

927 1920 1165 1990 tionis.
1218 1917 1465 2007 Adest,
1519 1918 1863 2012 inquam,
1903 1916 2153 2013 paucis
2198 1937 2417 2008 quam
2462 1914 2589 1986 illo
2632 1913 3099 2012 applicuera-

930 2059 1090 2105 mus
1143 2033 1400 2105 diebus
1464 2031 1783 2105 decursis
1812 2084 1830 2118 ‚
1896 2046 1968 2102 et
2026 2029 2241 2102 nobis
2305 2031 2645 2128 epistolas
2698 2031 2927 2126 regis,
2999 2031 3099 2105 de

927 2151 1191 2246 quibus
1249 2174 1432 2246 saepe
1490 2149 1642 2243 jam
1695 2148 2195 2235 meminimus,
2241 2145 2505 2218 reddit.
2548 2149 2883 2232 Quarum
2942 2148 3099 2219 haec

927 2267 1240 2339 breviter
1273 2267 1624 2338 sententia
1653 2281 1807 2337 erat
1846 2291 1861 2335 ε
1902 2281 2015 2352 ut,
2048 2265 2248 2336 omni
2278 2264 2539 2360 rejecta
2570 2277 2643 2334 et
2671 2262 3095 2361 posthabita

927 2384 1420 2473 excusatione,
1505 2396 1785 2453 mature
1862 2381 2374 2478 Perpinianum
2438 2377 2879 2470 rediremuS,
2954 2406 3095 2452 nec

927 2501 1077 2572 ullo
1117 2515 1328 2596 pacto
1383 2499 1552 2570 inde
1619 2498 1952 2570 recedere
2004 2498 2117 2569 vel
2168 2498 2469 2595 propius
2515 2521 2685 2568 eum
2741 2497 3091 2570 accedere

928 2640 1541 2713 praesumeremus.
1584 2615 1717 2685 Hic
1752 2627 1904 2684 erat
1929 2612 2253 2704 licentiae,
2288 2612 2528 2703 nobiS,
2568 2627 2649 2684 ut
2682 2638 2875 2711 saepe
2906 2628 3093 2684 retu·

927 2733 1180 2822 limus,
1222 2731 1314 2802 de
1349 2729 1721 2802 redeundo
1770 2731 1844 2800 in
1898 2730 2273 2800 Franciam
2303 2753 2699 2817 concessae,
2746 2730 3087 2818 effectus3

927 2848 1081 2918 haec
1114 2848 1296 2941 regis
1329 2846 1707 2917 clementia
1731 2901 1750 2936 ,
1798 2843 1952 2916 haec
1988 2846 2390 2918 constantia
2412 2901 2433 2936 ,
2470 2846 2625 2917 haec
2659 2847 2735 2917 in
2774 2845 2987 2918 dictis
3019 2863 3089 2918 et

933 2962 1300 3059 promissis
1337 2960 1537 3032 fides,

1033 3083 1214 3148 Cum
1247 3102 1419 3149 vero
1464 3103 1624 3149 eam
1663 3078 2099 3172 legissemus,
2151 3077 2504 3176 supplices
2544 3078 2637 3151 ad
2671 3083 2943 3154 ooelum
2990 3098 3089 3155 at·

941 3194 1266 3265 tollentes
1324 3195 1612 3284 oculos,
1665 3195 1927 3266 iterum
1968 3210 2182 3290 atque
2228 3195 2487 3266 iterum
2537 3195 2935 3269 immensas
2984 3198 3087 3268 di·

937 3313 1116 3382 vinae
1166 3311 1512 3406 majestati
1571 3336 1776 3408 paene
1827 3311 2091 3406 jugiter
2150 3310 2631 3384 fundebamus
2695 3317 3085 3409 gratiarum

938 3427 1256 3498 actiones
1280 3483 1298 3518 ,
1337 3453 1471 3525 pro
1511 3427 1723 3498 nobis
1770 3442 1971 3498 tanto
2004 3427 2265 3500 collato
2317 3426 2675 3500 beneficio
2699 3485 2716 3520 ,
2754 3431 2959 3526 quod
2993 3432 3085 3503 ita

940 3544 1312 3614 sceleratas
1335 3568 1590 3614 manus
1623 3558 1692 3612 et
1718 3543 1973 3641 impias
1990 3545 2685 3640 perversissimorum
2704 3546 3085 3619 hominum

943 3658 1231 3729 insidias
1297 3658 1873 3750 declinassemus,
1949 3659 2322 3754 irritasque
2376 3685 2633 3732 eorum
2682 3662 3085 3736 fecissemus

944 3772 1387 3860 molitiones,
1429 3791 1500 3845 et
1542 3775 1742 3870 quod
1796 3776 2089 3846 nuntius
2129 3777 2245 3848 ille
2280 3777 2493 3848 nobis
2538 3779 2615 3849 in
2650 3779 2910 3851 itinere
2943 3807 3081 3852 non

945 3892 1387 3962 occurrisset..
1417 3893 1584 3983 Qui,
1610 3918 1776 3962 cum
1803 3918 1931 3990 per
1964 3893 2401 3965 Delfmatum
2428 3919 2657 3994 prope
2684 3899 2876 3994 ripas
2901 3899 3083 3970 Rho-

945 4005 1111 4076 dani
1169 4009 1567 4106 perplures
1619 4010 2132 4106 equitassemus
2180 4010 2436 4101 dietaS,
2491 4017 2647 4084 Deo
2690 4016 2983 4086 volente
3020 4032 3081 4088 et

945 4125 1324 4195 miserante
1383 4127 1640 4218 nostri,
1701 4152 1829 4222 per
1866 4128 2161 4198 alteram
2212 4129 2443 4224 ripam
2496 4129 2832 4202 Rhodani
2887 4134 3079 4228 equi·

945 4257 1146 4330 tanS,
1204 4257 1274 4312 et
1323 4242 1533 4313 nohis
1589 4245 1664 4313 in
1712 4243 1831 4314 illa
1880 4245 1995 4315 via
2042 4269 2333 4342 sperans
2384 4270 2804 4339 occurrere,
2864 4272 3079 4342 usque
