3400 5417
870 502 985 559 382
1748 501 2160 574 nomeu,

963 633 1173 707 Aliud
1212 636 1431 707 etiam
1462 636 1537 705 in
1580 634 1995 731 hujusmodi
2036 632 2530 707 criminalibus
2566 632 2786 707 habet
2827 635 3007 731 ejus·

864 750 1033 823 dem
1061 754 1305 849 patriae
1332 753 1812 842 consuetud0,
1833 752 1983 834 imo
2013 752 2248 829 verius
2277 752 2680 851 perniciosa
2711 777 3008 851 corrup-

865 867 1007 939 tela
1029 920 1048 957 ,
1087 892 1239 939 non
1280 869 1519 940 minus
1565 868 1898 966 iniquum
1937 892 2157 966 quam
2191 867 2606 966 praecedens
2625 922 2644 957 ,
2681 866 3010 939 videlicet

864 983 1092 1081 quod,
1126 1009 1293 1055 cum
1321 985 1395 1056 in
1432 1008 1890 1080 quacumque
1923 984 2114 1055 civili
2147 986 2563 1080 quaestione,
2589 986 2806 1056 etiam
2831 985 3010 1056 duo-

864 1125 1028 1173 rum
1066 1100 1563 1193 denariorum,
1614 1124 1659 1175 a
1697 1100 2023 1197 quolibet
2069 1101 2481 1195 gravamine
2527 1126 2658 1199 per
2692 1101 3011 1197 judicem

864 1217 1063 1294 illato
1080 1236 1083 1239 ·
1099 1215 1212 1288 vel
1254 1216 1558 1289 minimo
1605 1217 1820 1293 liceat
1873 1218 2236 1316 appellare
2254 1273 2273 1311 ,
2313 1218 2692 1317 impetrata
2727 1233 3012 1295 tantum

864 1360 1080 1433 super
1126 1333 1273 1407 hoc
1318 1334 1551 1406 littera
1604 1334 2042 1407 cancellariae
2087 1336 2330 1431 regim,
2377 1358 2600 1431 quam
2639 1365 2673 1406 σε
2718 1334 3011 1413 dolean-

865 1451 1039 1523 tiam
1079 1478 1111 1519 x·
1154 1449 1517 1549 appellant
1536 1504 1555 1541 ,
1597 1464 1669 1522 et
1710 1473 1860 1520 non
1905 1448 2130 1522 modo
2175 1450 2433 1542 semel,
2481 1450 2608 1525 sed
2653 1450 3016 1531 interdum

866 1565 1219 1660 gradatim
1242 1616 1262 1651 ,
1342 1564 1742 1635 secundum
1818 1562 2492 1637 subordinationem
2554 1565 2886 1661 judicum
2945 1580 3016 1637 et

866 1682 1254 1774 curiarum,
1303 1679 1519 1752 etiam
1566 1680 1952 1776 quinquies
1997 1696 2121 1752 aut
2166 1681 2391 1753 sexies
2424 1707 2442 1751 ε
2479 1695 2722 1753 tamen
2769 1684 2847 1755 in
2879 1684 3017 1757 cri-

866 1798 1115 1869 minali
1144 1820 1383 1890 causa,
1429 1796 1505 1866 in
1548 1820 1691 1893 qua
1730 1794 1819 1867 de
1855 1797 2174 1868 hominis
2207 1798 2353 1869 vita
2387 1811 2458 1869 et
2497 1797 2720 1871 salute
2755 1799 3014 1895 agitur,

868 1938 1004 1986 nec
1052 1938 1096 1987 a
1140 1936 1603 2010 quocumque
1648 1915 2061 2010 gravamine
2109 1914 2308 1985 illato
2355 1927 2519 1986 ante
2563 1912 3018 1989 diffinitivam

867 2056 997 2130 per
1039 2029 1361 2127 judicem
1415 2028 1857 2103 doleantiam
1907 2030 2302 2127 impetrari,
2361 2054 2496 2102 nec
2545 2054 2590 2104 a
2638 2030 3021 2108 diffinitiva

866 2148 1220 2223 sententia
1243 2145 1586 2218 damnato
1616 2146 1973 2243 appellare
1993 2146 2180 2217 licet.
2209 2146 2427 2233 Quod
2445 2170 2664 2242 quam
2687 2147 3022 2245 iniquum

869 2278 939 2333 et
991 2289 1035 2336 a
1077 2263 1256 2360 juris
1305 2264 1711 2333 communis
1761 2263 2089 2357 aequitate
2145 2261 2508 2334 diversum
2563 2264 2688 2357 sit,
2751 2280 3023 2339 norunt

868 2405 1123 2451 omnes
1153 2380 1279 2477 qui
1304 2380 1413 2450 vel
1452 2394 1746 2451 tenuem
1784 2380 2100 2476 aliquam
2133 2380 2411 2453 habent
2440 2381 2620 2478 juris
2657 2383 3015 2480 peritiam.

871 2499 1031 2566 Non
1064 2495 1262 2566 enim
1288 2498 1631 2569 damnato
1665 2496 1920 2566 ultimo
1957 2497 2311 2593 supplicio
2347 2498 2855 2569 tannunmodo
2890 2522 3018 2597 ap-

869 2610 1132 2709 pellare
1170 2610 1595 2707 permissum
1634 2623 1765 2700 est,
1813 2610 1940 2680 sed
1970 2610 2186 2681 etiam
2224 2608 2518 2681 cuilibet
2541 2635 2676 2709 pro
2703 2636 2829 2703 e0,
2870 2637 3018 2685 non

870 2727 1106 2798 carnis
1128 2740 1199 2797 et
1216 2727 1583 2822 sanguinis
1610 2740 1891 2796 tantum
1924 2725 2444 2799 necessitudine
2458 2727 2743 2823 juncto,
2769 2753 3024 2801 verum

869 2842 1085 2911 etiam
1122 2840 1419 2912 cuilibet
1453 2856 1819 2912 extraneo,
1861 2844 2053 2911 Inter
2087 2866 2342 2913 omnes
2386 2866 2650 2940 nempe
2689 2842 3024 2915 homines

871 2958 1206 3053 cognatio
1234 2973 1304 3029 et
1327 2959 1736 3029 communis
1761 2957 2090 3054 quaedam
2113 2958 2561 3029 necessitudo
2589 2975 2701 3031 est
2726 2976 3023 3058 propter

872 3092 1141 3149 naturae
1192 3078 1663 3168 consortium,
1720 3101 1806 3147 ex
1850 3101 1993 3172 qua
2025 3074 2405 3173 cujuslibet
2451 3077 2791 3149 interesse
2834 3079 3024 3173 leges

871 3194 1253 3266 voluerunt
1309 3193 1688 3263 hominem
1760 3193 2224 3262 innocentem
2282 3218 2435 3263 non
2504 3192 2884 3284 damnari,
2951 3211 3022 3268 et

873 3327 1165 3410 propter
1206 3310 1349 3382 hoc
1381 3310 1473 3382 ad
1512 3309 2028 3408 appellandum
2073 3334 2206 3406 pro
2249 3309 2620 3399 damnat0‚
2659 3310 2875 3382 etiam
2918 3312 3023 3383 in-

872 3428 1049 3516 vit0,
1092 3450 1680 3523 unumquemque
1717 3423 2189 3496 decreverunt
2233 3424 2538 3496 admitti.
2584 3430 2784 3498 Unus
2827 3426 3020 3499 solus

876 3566 1079 3612 casus
1116 3556 1450 3639 exceptus
1484 3538 1789 3631 videtur,
1836 3539 1961 3611 ubi
2003 3565 2165 3611 reus
2199 3555 2452 3638 sponte
2494 3542 2764 3614 crimen
2801 3558 2907 3616 est
2945 3544 3018 3614 in

866 3658 1027 3753 jure
1080 3657 1443 3727 confessus
1497 3672 1569 3726 et
1616 3655 1927 3749 legitime
1985 3657 2356 3727 convictus
2415 3672 2630 3755 atque
2692 3659 3020 3755 legitimis

876 3772 1313 3868 argumentis
1347 3786 1744 3869 superatus

974 3894 1210 3976 Quam
1254 3890 1669 3986 periculosae
1707 3911 1878 3958 vero
1927 3889 2068 3959 sint
2119 3888 2530 3986 hujusmodi
2563 3893 3018 3965 consuetudi-

877 4031 1002 4077 nes
1054 4006 1541 4101 unusquisque
1594 4019 1834 4075 mente
1875 4019 2264 4077 retractans
2297 4006 2487 4104 apud
2530 4033 2601 4079 se
2647 4008 2848 4081 facile
2897 4034 3018 4081 co-

836 4140 1217 4215 ·gnoscere
1264 4138 1335 4195 et
1384 4122 1786 4193 discernere
1827 4136 2084 4218 potest.
2136 4127 2314 4194 Nam
2360 4126 2416 4195 si
2468 4126 2602 4217 vir,
2638 4141 3018 4222 quantum·

880 4266 1185 4337 cumque
1225 4240 1455 4336 justus
1491 4254 1561 4310 et
1609 4242 1981 4327 inuocem,
2026 4264 2280 4311 exosus
2315 4240 2524 4312 fuerit
2555 4241 2766 4316 alicui
2795 4242 3016 4338 judici
