3400 5417
981 549 1201 604 LIBER
1240 548 1620 605 SEPTIMUS.
2252 552 2369 610 135

246 695 399 780 post
461 681 837 754 intervallo
898 705 1047 752 sese
1115 681 1191 752 in
1247 703 1487 776 regem
1546 681 1881 752 coronari
1948 679 2113 752 fecit
2173 683 2369 780 apud

246 797 701 869 Londonias¹.
741 796 1130 868 Ferebatur
1154 810 1395 869 autem
1431 797 1576 869 hoc
1607 821 1682 868 se
1714 797 1959 869 colore
1984 795 2369 892 justificare

247 918 499 990 sactum
533 941 747 990 suum
765 970 785 1004 ‚
828 915 1029 1011 quod
1047 969 1065 1005 ‚
1105 939 1233 1012 per
1287 916 1666 1010 antiquum
1740 913 2110 986 decretum
2169 917 2369 1010 regni

246 1059 356 1106 seu
409 1058 538 1133 per
568 1035 1037 1106 inveteratam
1069 1032 1666 1104 consuetudinem
1688 1085 1708 1120 ‚
1763 1030 1982 1102 vidua
2006 1032 2369 1130 ipsiusque

245 1150 436 1222 liberi
450 1175 486 1238 ,·
502 1175 663 1246 quae
690 1173 819 1247 per
862 1150 1175 1244 aliquem
1209 1148 1422 1220 ducta
1474 1148 1657 1221 soret
1690 1149 1767 1219 in
1811 1147 2227 1243 conjugem,
2256 1150 2369 1220 in-

246 1265 504 1339 habiles
535 1281 774 1339 essent
798 1266 891 1339 ad
907 1266 1428 1337 successionem
1457 1266 1702 1360 regni,
1732 1265 2009 1338 etiamsi
2041 1266 2117 1336 in
2149 1291 2371 1362 regno

245 1397 306 1454 et
335 1407 376 1456 a
407 1407 569 1478 rege
596 1383 815 1478 geniti
849 1397 1120 1472 essent3
1144 1395 1373 1453 mater
1394 1396 1636 1454 autem
1651 1381 1917 1453 horum
1945 1381 2364 1471 liberorum,

245 1502 646 1599 priusquam
693 1500 788 1574 ab
826 1500 1160 1572 Edoardo
1202 1501 1641 1597 acciperetur
1680 1502 1760 1571 in
1790 1524 2090 1571 uxorem
2110 1554 2130 1587 ‚
2169 1502 2371 1573 alteri

243 1619 385 1687 viro
415 1617 642 1714 priori
685 1617 947 1688 marito
989 1629 1215 1712 nupta
1240 1613 1532 1685 fuerat².
1578 1615 1721 1687 Sed
1752 1639 1848 1687 an
1879 1615 2056 1688 illud
2089 1631 2212 1687 aut
2250 1616 2372 1689 de-

244 1747 450 1820 cret0‚
514 1747 643 1805 aut
673 1746 907 1803 vetere
956 1730 1478 1803 consuetudine
1514 1731 1717 1826 regni
1769 1732 1869 1802 ita
1912 1730 2369 1803 observatum

247 1847 472 1940 fuerit,
540 1872 695 1918 non
760 1846 1160 1918 constabat.
1219 1846 1372 1917 Alio
1438 1861 1676 1917 autem
1705 1847 1727 1882 ⁸
1787 1870 1873 1917 ex
1934 1847 2165 1944 capite
2226 1847 2371 1918 hoc

247 1965 460 2061 ipsum
507 1962 897 2059 justificare
945 1961 1344 2058 satagebat,
1391 1962 1589 2059 quod
1621 1961 1885 2033 scilicet
1935 1977 2161 2034 mater
2191 1962 2366 2035 libe-

249 2105 472 2152 rorum
487 2080 888 2175 eademque
922 2082 1200 2174 regina,
1225 2079 1639 2176 priusquam
1664 2078 2002 2150 Edoardo
2030 2078 2363 2167 nuberet,

246 2196 426 2267 alteri
461 2198 647 2284 vim,
691 2197 815 2292 qui
857 2211 1029 2266 tunc
1084 2196 1302 2267 etiam
1339 2208 1690 2292 superstes
1742 2195 1954 2264 foret⁴
2007 2218 2173 2264 cum
2208 2218 2367 2264 eam

249 2312 602 2387 Edoardus
669 2315 741 2383 in
802 2313 1184 2408 conjugem
1244 2313 1653 2408 assumpsit,
1699 2311 2206 2381 matrimoniali
2249 2311 2368 2380 foe-

249 2426 397 2498 dere
438 2443 621 2500 esset
665 2427 1023 2524 copulata.
1067 2431 1172 2497 De
1210 2451 1358 2521 quo
1394 2440 1674 2512 tamen,
1716 2449 1848 2495 nec
1884 2424 2177 2520 quando
2206 2449 2365 2495 eam

249 2541 312 2610 in
337 2567 630 2614 uxorem
670 2557 1042 2639 acceperat
1077 2540 1473 2628 Edoardus,
1512 2565 1644 2612 nec
1679 2564 1845 2611 cum
1912 2541 1987 2610 in
2048 2540 2368 2634 reginam

249 2656 518 2733 inuncta
544 2659 727 2748 fuit,
767 2684 901 2730 nec
934 2658 1280 2756 quamdiu
1320 2656 1512 2729 idem
1573 2681 1696 2728 rex
1750 2657 1920 2728 vixit
1944 2710 1963 2747 ,
2004 2655 2192 2728 fama
2244 2681 2363 2727 seu

319 2965 370 3018 1.
417 2966 451 3020 6
474 2961 670 3034 juillet
699 2965 878 3022 1483.

318 3063 371 3116 2.
415 3051 708 3117 Elisabeth
763 3059 835 3118 de
875 3059 1143 3137 Wydvile
1165 3105 1181 3129 ,
1220 3073 1394 3118 avant
1431 3080 1535 3119 son
1569 3059 1752 3118 union
1782 3079 1925 3117 avec
1953 3048 2223 3117 Edouard
2254 3063 2331 3116 IV
2351 3103 2367 3130 ‚

247 3152 383 3209 avait
416 3154 504 3210 ete
548 3155 981 3212 effectivement
1022 3155 1232 3213 semme
1279 3154 1351 3212 de
1385 3154 1516 3213 lord
1545 3157 1734 3230 Gray;
1779 3155 1922 3213 mais
1968 3155 2024 3210 la
2061 3153 2251 3211 raison
2286 3155 2369 3209 al-

248 3243 428 3324 leguee
452 3246 526 3306 ici
554 3267 666 3326 par
695 3248 944 3306 Thomas
980 3249 1150 3306 Basin
1179 3249 1325 3307 n'est
1351 3269 1455 3326 pas
1471 3250 1615 3307 celle
1641 3249 1821 3325 qu’on
1844 3248 1911 3305 lit
1938 3247 2080 3304 dans
2103 3247 2372 3304 l'adresse

249 3359 347 3414 que
376 3341 626 3401 Richard
667 3362 728 3401 sc
756 3344 820 3399 fit
849 3344 1145 3421 presenter
1173 3364 1276 3420 par
1305 3343 1699 3422 Buckingham
1738 3363 1812 3400 au
1848 3342 2089 3400 chateau
2122 3340 2195 3399 de
2222 3343 2369 3416 Bay-

248 3434 376 3492 nard
417 3447 472 3492 et
511 3437 614 3512 qui
656 3437 741 3493 sut
780 3437 1003 3494 inseri-e
1050 3437 1252 3514 depuis
1295 3437 1438 3494 dans
1485 3457 1562 3494 un
1605 3451 1732 3495 aete
1774 3437 1851 3494 du
1897 3435 2239 3514 parlement.
2281 3437 2371 3490 On

249 3540 484 3586 comesta
521 3531 577 3587 la
629 3530 864 3606 xaliditc
901 3529 978 3586 du
1023 3530 1273 3607 mariage
1301 3520 1631 3589 ‹l'Edouard
1659 3534 1737 3589 1v
1772 3549 1999 3588 comme
2036 3529 2241 3586 s'etant
2273 3528 2374 3585 fait

249 3625 608 3683 secretement
629 3666 647 3694 ,
679 3643 810 3682 sans
847 3623 1200 3700 publication
1223 3624 1297 3681 de
1315 3624 1461 3683 bans
1486 3639 1543 3683 et
1571 3646 1643 3683 en
1671 3626 1788 3684 lieu
1817 3626 2078 3704 profane.
2112 3625 2203 3681 On
2231 3623 2371 3680 alle-

251 3734 348 3791 gua
389 3719 538 3776 aussi
576 3738 695 3776 une
733 3718 913 3776 union
952 3719 1278 3776 anterieurc
1317 3739 1432 3796 que
1475 3721 1530 3777 le
1571 3721 1665 3776 seu
1701 3719 1791 3777 roi
1827 3718 2013 3777 aurait
2044 3719 2373 3775 contractec

251 3827 375 3866 avec
402 3830 515 3869 une
545 3824 715 3870 autre
744 3814 976 3870 semme.
1009 3816 1132 3869 Rot.
1167 3817 1452 3882 Paruum,
1497 3817 1592 3885 vl,
1625 3815 1766 3872 240.

324 3911 376 3967 3.
419 3910 612 3968 ΡΙυῑόῑ
646 3912 839 3968 etiam.

321 4009 375 4065 4.
419 4012 599 4066 Autre
631 4027 832 4066 erreur
864 4008 936 4066 de
977 4008 1222 4066 Thomas
1267 4009 1432 4065 Basin
1477 4030 1550 4066 ou
1587 4009 1658 4066 dc
1699 4008 1979 4085 l'opinion
2019 4007 2117 4083 qui
2156 4007 2375 4064 com-ait

253 4099 386 4156 alors
431 4122 502 4160 en
546 4102 853 4160 Hollande.
902 4101 1091 4168 John,
1143 4101 1268 4158 lon-d
1309 4104 1488 4176 (ἂι-ιη’,
1540 4103 1790 4178 premier
1842 4102 1983 4157 mari
2024 4090 2373 4156 &Elisabeth

252 4196 524 4271 Wydvile,
558 4197 695 4254 etait
723 4209 874 4253 mort
902 4216 972 4252 en
1010 4200 1190 4265 1461,
1223 4200 1254 4252 ἐι
1285 4197 1337 4252 la
1361 4196 1589 4253 bataille
1618 4197 1687 4253 (le
1718 4194 2133 4266 Saint-Alban3
2167 4194 2275 4251 elle
2306 4212 2376 4249 ne

256 4306 307 4342 se
335 4291 577 4349 remaria
604 4311 744 4348 avec
771 4292 823 4347 le
853 4289 939 4346 roi
969 4282 1236 4347 Edouard
1265 4291 1438 4366 qu'en
1474 4294 1651 4348 1465.

3312 945 3329 1106 -.μ
3304 200 3329 922 ΔῴΑΑᾼ-..Μλε-ϋ-..ε
3308 64 3328 179 nen-u!
3307 2 3328 35 ,ι
