3400 5417
1241 517 1464 579 unm
1505 518 1806 576 ptumus.
2469 521 2585 580 267

455 652 676 724 tionis
691 676 914 749 quam
943 676 1020 724 se
1051 649 1146 724 ad
1169 673 1338 724 eum
1360 651 1881 724 destinaturum
1906 651 2041 739 sibi
2060 677 2189 749 per
2212 651 2503 726 nuntios
2519 668 2590 726 et

451 768 788 866 epistolas
851 769 1213 840 intimarat
1230 819 1250 854 ,
1299 781 1581 866 partem
1626 767 2001 872 copiarum
2022 849 2029 858 ‚
2053 790 2341 840 suarum
2397 768 2592 841 clan-

453 883 621 956 culo
664 883 990 978 miserat,
1027 873 1246 956 'veluti
1287 882 1379 956 ad
1415 881 1769 982 oppidum
1805 880 2147 976 Conchis,
2179 885 2590 980 Passeyum¹

450 1014 525 1072 et
557 1000 944 1074 nonnullas
976 999 1512 1072 circumstantes
1540 997 1745 1071 villas
1768 1054 1788 1091 ,
1831 997 2086 1098 procul
2126 998 2354 1075 dubio
2379 1024 2462 1072 ea
2488 1001 2594 1071 in-

451 1116 772 1188 tentione
809 1131 890 1187 ut
937 1115 1276 1187 eumdem
1308 1140 1521 1187 suum
1563 1138 1985 1211 germanum
2016 1116 2092 1188 in
2129 1116 2403 1215 oppido
2434 1117 2587 1210 illo,

453 1234 528 1305 in
551 1258 702 1332 quo
733 1233 1084 1324 adstabat,
1108 1230 1432 1331 undique
1454 1233 2013 1330 circumseptum
2034 1247 2327 1332 repente
2357 1258 2596 1330 aggre-

453 1348 744 1422 deretur
796 1364 867 1422 et
913 1347 1293 1423 obsidione
1346 1348 1666 1420 vallaret.
1721 1347 1939 1436 Quod
1992 1373 2165 1422 sane
2220 1351 2593 1447 impletum

451 1462 730 1551 fuisset,
769 1464 904 1535 nisi
938 1461 1130 1536 idem
1163 1462 1310 1536 dux
1351 1463 1809 1536 Normanniae
1833 1487 1965 1562 per
2010 1488 2146 1535 nos
2187 1477 2261 1536 et
2298 1489 2594 1538 venera-

449 1575 672 1650 bilem
699 1576 1056 1652 decanum
1088 1577 1798 1678 Rothomagensem²,
1832 1581 1955 1678 qui
1988 1582 2205 1653 etiam
2235 1581 2376 1653 illic
2411 1597 2588 1676 erat,

452 1694 543 1765 de
575 1696 790 1768 tantis
817 1694 1089 1768 insidiis
1112 1708 1184 1767 et
1208 1693 1395 1766 dolis
1428 1709 1642 1791 atque
1676 1694 2013 1795 periculis
2047 1697 2308 1769 certior
2340 1696 2589 1790 factuS,

451 1827 728 1884 mature
771 1810 866 1884 ad
907 1825 1216 1884 castrum
1250 1811 1788 1884 Pontis-Archae
1834 1813 2126 1908 vestigia
2171 1814 2587 1886 retorsisset.

451 1931 674 2001 Erant
703 1930 897 2000 enim
924 1929 1128 2026 juxta
1158 1952 1325 2000 eum
1354 1928 1715 2021 nonnulli,
1743 1927 1835 2000 de
1869 1927 2133 2024 quibus
2155 1932 2421 2003 caeteris
2453 1953 2597 2002 am·

453 2046 640 2146 plius
685 2044 1053 2117 confidere
1092 2042 1496 2138 videbatur,
1546 2046 1671 2141 qui
1721 2043 2139 2142 hujusmodi
2171 2046 2594 2119 insidiarum

451 2177 524 2234 et
563 2161 897 2234 fraudum
927 2159 1023 2233 ab
1055 2185 1145 2233 eo
1181 2163 1555 2233 notionem
1589 2175 1804 2258 atque
1842 2160 2061 2234 fidem
2108 2163 2275 2235 totis
2321 2161 2595 2235 viribus

451 2295 768 2353 avertere
819 2277 1296 2373 conabantur,
1349 2303 1536 2378 quos
1585 2279 1967 2352 verisimile
2021 2294 2126 2352 est
2178 2282 2394 2353 etiam
2457 2282 2593 2352 hu-

443 2394 766 2491 jusmodi
802 2394 1225 2468 insidiarum
1279 2410 1492 2492 atque
1533 2393 2229 2468 medicamentorum
2266 2398 2594 2468 conscios

451 2524 523 2581 et
554 2512 934 2610 participes
966 2512 1307 2584 exstitisse
1335 2514 1380 2581 ⁸.

553 2628 760 2699 Unde
787 2653 954 2700 cum
978 2628 1312 2701 instantia
1335 2640 1579 2699 nostra
1601 2640 1670 2698 et
1701 2627 1974 2726 praefati
2004 2627 2278 2699 domini
2308 2627 2589 2718 decani,

532 2801 592 2861 ¹.
638 2798 898 2856 Concbes
931 2811 988 2857 et
1015 2801 1501 2875 Pacy-sur-Eure.

533 2897 589 2952 2.
638 2892 868 2950 Nicolas
890 2891 1149 2964 Dubosc,
1171 2892 1284 2950 cite
1307 2891 1451 2948 dans
1470 2890 1763 2948 l’Histoire
1790 2890 1863 2948 de
1888 2891 2064 2950 Louis
2092 2893 2201 2962 XI,
2228 2903 2269 2948 t.
2294 2895 2376 2962 Π,
2401 2911 2462 2969 p.
2493 2895 2591 2952 36.

533 2990 587 3046 3.
635 2985 884 3044 Thomas
921 2984 1090 3042 Basin
1127 2979 1361 3043 nomme
1390 2986 1532 3043 dans
1566 2986 1864 3043 l'Histoire
1900 2985 1973 3042 de
2006 2984 2183 3044 Louis
2215 2988 2300 3043 XI
2353 2986 2435 3044 les
2482 2987 2597 3044 sei-

450 3099 664 3158 gneurs
701 3077 780 3137 (111
819 3080 980 3137 Beuil
1026 3090 1082 3135 et
1129 3077 1201 3137 de
1242 3077 1603 3152 Chaumont;
1648 3091 1705 3135 et
1729 3080 1829 3150 j’ai
1858 3079 2119 3156 exprime
2149 3079 2290 3136 dans
2318 3098 2434 3136 une
2462 3093 2598 3136 note

448 3173 720 3231 combien
772 3183 922 3232 cette
966 3173 1294 3235 accusation
1351 3191 1445 3232 me
1495 3172 1795 3251 paraissait
1836 3188 1947 3250 peu
1986 3171 2298 3250 probablc,
2341 3175 2374 3228 a
2426 3192 2597 3229 cause

449 3266 551 3324 dee
587 3268 845 3345 rigueurs
874 3267 1015 3326 dont
1039 3270 1122 3327 ies
1149 3268 1303 3325 deux
1331 3269 1549 3325 memes
1579 3277 1968 3344 personnages
1997 3267 2188 3324 furent
2219 3263 2413 3336 l'objet
2442 3263 2514 3321 de
2544 3259 2595 3322 ia

450 3369 582 3438 part
607 3360 686 3418 du
715 3362 822 3434 roi,
856 3366 1023 3438 apres
1051 3363 1189 3440 qu‘il
1221 3373 1319 3420 eut
1347 3361 1630 3420 recouvre
1658 3361 1712 3418 la
1742 3358 2091 3420 Normandie
2116 3367 2183 3430 (t.
2210 3362 2267 3416 11
2287 3402 2303 3428 ‚
2338 3378 2397 3436 p.
2437 3363 2592 3430 1552).

448 3453 788 3531 Cependant
822 3455 922 3526 j'ai
968 3456 1170 3514 trouve
1207 3454 1409 3533 depuis
1447 3455 1502 3513 la
1537 3474 1757 3531 preuvc
1784 3472 1920 3532 que,
1950 3452 2091 3510 dans
2127 3452 2183 3508 18
2218 3471 2593 3510 commence-

453 3560 612 3605 ment
652 3547 729 3605 du
770 3549 914 3605 mois
965 3549 1037 3606 (18
1071 3549 1298 3623 janvicr
1334 3551 1525 3621 1466,
1565 3552 1644 3607 M.
1684 3549 1757 3606 de
1784 3545 2368 3625 Chauxuont'g(Pierre
2394 3546 2592 3604 ‹l’Am-

449 3645 642 3719 boise)
669 3646 962 3724 intriguait
991 3647 1414 3705 csscctivement
1444 3645 1587 3704 dans
1628 3647 1684 3704 le
1721 3667 1852 3705 sens
1894 3647 1971 3703 du
2012 3645 2097 3703 roi
2136 3664 2242 3723 par
2278 3641 2592 3721 quelqu'un

451 3739 525 3797 de
553 3759 614 3796 sa
643 3740 862 3799 maison
892 3742 1030 3819 qu'il
1061 3742 1215 3799 avait
1243 3741 1469 3818 envoye
1497 3744 1528 3798 a
1558 3731 1821 3798 OrlcanS.
1858 3743 1984 3812 Que
2014 3739 2299 3816 significent
2330 3738 2429 3796 des
2465 3739 2591 3795 faits

449 3834 498 3888 si
525 3834 995 3894 contradictoires
1019 3837 1042 3890 ?
1069 3838 1151 3893 M.
1181 3835 1254 3892 de
1280 3835 1606 3891 chaumont
1635 3845 1691 3890 ct
1717 3835 1860 3889 Jean
1888 3830 1961 3887 de
1990 3831 2147 3888 Bcuil
2179 3831 2595 3888 n'auraient-iis

452 3928 542 3984 ete
575 3931 843 4004 exceptcs
872 3929 944 3985 de
971 3928 1274 3986 l'amnistie
1303 3927 1571 4005 generale
1599 3946 1714 4002 que
1748 3946 1896 4003 pour
1935 3925 2159 3982 n'avoir
2186 3945 2287 4002 pas
2318 3938 2453 3982 tenu
2494 3925 2594 3980 (1·85

451 4036 858 4098 engagements
892 4038 1104 4081 secrets
1145 4025 1312 4101 qu'ils
1350 4024 1580 4081 avaient
1618 4021 1736 4099 pris
1783 4042 1925 4080 avec
1973 4021 2147 4078 Louis
2176 4023 2299 4091 XI,
2343 4041 2417 4076 ou
2460 4018 2590 4076 bien

451 4127 600 4171 cette
642 4118 946 4194 exception
988 4118 1207 4175 sut-elle
1250 4135 1363 4175 11118
1404 4115 1753 4175 satisfaction
1801 4115 2029 4172 donnee
2072 4117 2103 4170 a
2140 4115 2193 4171 la
2234 4112 2485 4170 vindicte
2516 4112 2591 4166 (111

452 4207 566 4264 (1118
593 4209 664 4266 (18
695 4215 997 4287 Bretagne,
1029 4232 1140 4287 que
1169 4231 1262 4269 ces
1290 4211 1584 4288 seigneur-s
1612 4209 1843 4267 avaient
1870 4209 2173 4287 supplante
2200 4206 2342 4263 dans
2367 4207 2419 4263 la
2449 4225 2587 4262 con-

455 4303 635 4360 fiance
665 4303 741 4361 (111
777 4304 888 4362 duc
917 4305 988 4362 de
1015 4306 1404 4364 Normandie?
1428 4305 1576 4375 Quoi
1597 4304 1737 4381 qu'il
1773 4323 1845 4360 en
1871 4303 2011 4374 soit,
2032 4303 2151 4359 l'un
2183 4301 2282 4358 des
2312 4300 2587 4377 premier-s
