3400 5417
1078 484 1299 541 LIBER
1338 484 1747 542 SECUNDUS.
2355 484 2469 542 389

345 634 494 693 tam
547 618 952 714 frequenter
1010 616 1308 711 legimus
1358 616 1430 685 in
1486 614 1852 714 scripturis
1903 613 2163 687 sanctis
2217 637 2261 686 a
2317 618 2473 687 Deo

342 733 769 831 repromissa
799 731 910 803 his
940 732 1067 828 qui
1110 730 1222 802 vel
1253 743 1565 829 propter·
1571 728 1917 825 justitiam
1949 727 2476 827 persecutiones

341 850 736 949 patiuntur,
775 861 847 919 et
875 848 989 919 vel
1022 846 1298 941 injuriis
1345 845 1567 917 exsilii
1618 870 1743 917 seu
1784 844 2322 944 proscriptionis
2354 858 2479 915 aut

343 964 764 1063 direptionis
823 962 1193 1035 bonorum
1262 976 1387 1035 aut
1454 961 1608 1033 aliis
1672 961 2281 1057 quibuscumque,
2351 984 2473 1033 seu

343 1082 561 1152 etiam
603 1080 925 1178 corporis
969 1076 1401 1149 cruciatibus
1454 1077 1565 1149 vel
1608 1093 1867 1169 morte,
1921 1101 2054 1175 pro
2096 1076 2365 1173 justitia
2407 1090 2479 1148 et

344 1198 633 1269 veritate
657 1195 1089 1288 afficiuntur,
1133 1209 1213 1265 ut
1238 1193 1559 1292 profecto
1588 1193 2067 1265 consideratio
2091 1194 2269 1265 tanti
2300 1218 2478 1292 prae·

343 1312 468 1382 mii
502 1337 587 1386 ac
620 1311 968 1383 mercedis
1001 1335 1294 1382 omnem
1322 1312 1468 1381 vim
1498 1310 1771 1381 doloris
1796 1324 1868 1382 et
1893 1310 2248 1382 cruciatus
2280 1334 2482 1381 exsu-

342 1442 543 1524 peret
574 1442 645 1498 et
684 1426 1228 1524 quodammodo
1262 1427 1473 1498 saciat
1518 1424 1868 1497 oblivisci.
1907 1429 2070 1496 Haec
2101 1448 2287 1522 spes,
2326 1424 2480 1495 haec

344 1541 606 1615 fiducia
640 1569 894 1615 omnes
918 1544 1147 1638 justos
1179 1567 1262 1614 ac
1289 1557 1573 1614 sanctos
1601 1557 1749 1614 tam
1776 1541 2031 1613 veteris
2048 1564 2267 1637 quam
2309 1540 2481 1611 novi

340 1661 767 1731 Testamenti
817 1661 1118 1731 armavit
1173 1658 1606 1750 constantia,
1676 1656 2018 1755 patientia
2070 1656 2472 1747 roboravit,

344 1774 619 1846 fervore
656 1774 1057 1847 dilectionis
1102 1774 1465 1865 accendit,
1518 1776 1617 1846 ita
1662 1787 1744 1844 ut
1795 1774 1868 1842 in
1922 1772 2066 1843 suis
2113 1769 2478 1869 qualibus·

341 1914 654 1987 cumque
678 1889 1256 1963 tribulationibus
1288 1905 1359 1960 et
1385 1887 1915 1979 afflictionibuS,
1946 1885 2088 1957 fide
2114 1901 2184 1956 et
2211 1887 2481 1983 patien-

344 2007 439 2077 tia
475 2006 655 2098 fulti,
694 2008 993 2078 vicerint
1026 1988 1246 2101 regna
1282 2019 1495 2101 atque
1526 2020 1872 2101 tyrannos
1902 2016 1972 2073 et
2007 2024 2478 2098 quaecumque

342 2121 525 2193 dura
556 2137 627 2193 et
659 2147 910 2220 aspera
937 2149 1069 2221 pro
1098 2121 1266 2215 fide,
1304 2146 1437 2220 pro
1457 2121 1758 2218 justitia,
1799 2143 1933 2217 pro
1969 2117 2259 2188 veritate
2287 2115 2481 2186 forti-

342 2252 449 2308 ter
486 2261 571 2308 ac
622 2240 971 2335 patienter
1019 2238 1475 2337 pertulerint,
1524 2236 1932 2309 circuierint
1979 2234 2052 2304 in
2096 2232 2376 2303 melotis
2405 2248 2480 2305 et

343 2354 647 2451 pellibus
680 2356 991 2454 caprinis
1023 2356 1427 2453 angustiati,
1470 2368 1780 2451 egenteS,
1821 2350 2063 2424 afflicti
2109 2350 2182 2420 in
2230 2348 2474 2422 solitu·

343 2470 658 2563 dinibus,
697 2489 1012 2544 errantes
1039 2473 1113 2543 in
1149 2470 1516 2543 montibus
1547 2484 1615 2541 et
1647 2468 2002 2567 speluncis
2037 2482 2110 2538 et
2135 2467 2208 2537 in
2238 2491 2479 2540 caver-

347 2588 456 2659 nis
500 2604 725 2661 terrae.
771 2589 1048 2676 Quibus
1087 2590 1407 2687 profecto
1452 2588 1710 2685 dignus
1752 2612 1899 2656 non
1944 2599 2094 2656 erat
2128 2582 2468 2655 mundus.

348 2708 543 2800 ipsos
599 2707 791 2776 enim
836 2706 1129 2776 interius
1172 2706 1475 2777 docente
1513 2703 1761 2775 divino
1807 2701 2061 2799 spiritu
2105 2714 2318 2795 atque
2368 2724 2478 2770 ro-

344 2819 647 2892 borante
680 2820 848 2914 fide,
875 2823 1023 2916 jam
1051 2835 1535 2919 praeceperant
1565 2819 1765 2916 quod
1784 2817 2037 2891 beatus
2065 2817 2469 2916 ApostoluS,

346 2938 664 3031 gentium
702 2937 984 3028 doctor,
1023 2951 1271 3035 postea
1303 2936 1395 3007 ad
1434 2942 1798 3008 Romanos
1829 2933 2106 3033 scripsit
2139 2960 2155 3002 :
2200 2962 2233 2999 u
2277 2935 2477 3020 Quo-

347 3051 543 3123 niam
573 3077 721 3122 non
760 3068 925 3122 sunt
960 3052 1335 3146 condignae
1371 3052 1738 3149 passiones
1773 3050 1986 3144 hujus
2018 3049 2359 3145 temporis
2386 3047 2478 3119 ad

348 3168 657 3240 futuram
698 3169 1021 3263 gloriam,
1060 3193 1219 3265 quae
1253 3166 1680 3237 revelabitur
1708 3167 1783 3237 in
1813 3163 2048 3237 nobis.
2090 3192 2126 3231 υ

447 3288 608 3356 Haec
652 3287 917 3383 quippe
963 3285 1473 3384 scripturarum
1522 3283 1918 3354 consolatio
1960 3294 2031 3351 et
2073 3279 2478 3351 divinarum

346 3418 558 3500 atque
637 3419 1061 3474 aeternarum
1136 3400 1692 3499 promissionum
1770 3398 1977 3470 firma
2052 3398 2480 3494 exspectatio

347 3546 639 3591 omnem
683 3521 783 3591 eis
833 3517 1310 3591 tribulationis
1348 3516 1938 3608 amaritudinem,
1993 3538 2288 3586 omnem
2334 3516 2478 3584 vim

346 3638 617 3708 doloris
643 3638 1003 3709 exterioris
1036 3636 1349 3707 bominis
1377 3660 1504 3732 per
1534 3634 1889 3705 interioris
1917 3631 2483 3704 consolationem

346 3757 417 3826 in
448 3755 903 3827 dulcedinem
938 3755 1167 3824 vertit.
1208 3757 1367 3821 Haec
1406 3776 1574 3822 sane
1607 3752 2035 3822 esurientem
2072 3749 2387 3821 animam
2417 3764 2482 3820 et

347 3899 545 3971 paene
574 3872 1010 3967 jamjamque
1045 3868 1387 3967 pressuris
1428 3867 1933 3938 adversitatum
1981 3880 2049 3935 et
2094 3864 2488 3935 tribulatio·

350 4015 521 4058 num
559 3987 1035 4076 deficientem,
1077 3984 1491 4055 suavissimo
1538 3996 1750 4077 atque
1792 3981 2228 4051 validissimo
2264 3979 2484 4049 divini

346 4103 541 4173 verbi
578 4103 867 4198 eloquio
902 4113 1174 4170 recreat
1203 4113 1270 4168 et
1305 4096 1564 4187 reficit,
1606 4097 1700 4166 ita
1736 4111 1840 4186 ut,
1881 4096 2003 4168 tali
2042 4093 2487 4165 nobilissimo

349 4219 683 4289 roborata
720 4231 950 4315 pastu,
990 4215 1183 4285 bona
1230 4238 1353 4311 spe
1390 4212 1718 4304 subnixa,
1751 4236 1969 4309 quam
2003 4211 2196 4281 velut
2230 4211 2487 4281 animae
