3400 5417
867 486 983 544 28¹.
1746 480 2123 542 APOLOGIA
2140 491 2157 555 3

964 620 1170 716 Atqui
1193 617 1438 716 quales
1456 641 1592 718 pro
1625 615 1836 687 nobis
1858 615 1955 686 ad
1983 613 2404 711 hujusmodi
2425 613 2725 709 gratiam
2750 638 3003 686 conse·

865 734 1232 832 quendam
1282 733 1475 806 idem
1528 733 1757 806 Balue
1809 747 2113 805 conatus
2156 729 2642 828 impenderet,
2684 731 2861 802 scire
2906 730 3005 802 ad

865 864 1142 922 certum
1171 850 1470 920 minime
1498 863 1937 945 poteramus.
1980 844 2471 918 Referentibus
2496 859 2739 916 tamen
2766 846 3009 917 multis

864 967 1340 1039 intelleximus
1383 966 1584 1063 quod
1622 966 1784 1037 ficte
1821 981 1892 1037 et
1928 965 2257 1036 simulate
2303 965 2552 1036 omnia
2596 963 2881 1060 agebat,
2932 981 3007 1035 et

862 1085 1086 1178 magis
1121 1082 1511 1180 proditoris
1542 1106 1765 1177 quam-
1796 1080 2024 1152 fidelis
2054 1079 2472 1152 mediatoris
2521 1102 2785 1151 munus
2818 1103 3010 1174 gere·

860 1196 1010 1269 bat.
1074 1199 1293 1286 Quod
1343 1199 1510 1270 licet
1559 1197 1916 1271 affimare
1963 1212 2309 1292 tanquam
2366 1221 2521 1269 rem
2560 1212 3007 1294 compertam

866 1340 1014 1387 non
1047 1315 1475 1406 audeamuS,
1521 1339 1608 1386 ex
1643 1312 1972 1412 pluribus
2005 1328 2246 1384 tamen
2302 1311 2803 1412 probabilibus
2834 1337 3009 1384 con-

861 1430 1151 1525 jecturis
1184 1431 1361 1502 illud
1393 1431 1751 1527 conjicere
1797 1431 2198 1528 potuimus3
2238 1452 2413 1500 nam
2444 1429 2663 1526 ipsius
2696 1443 2835 1526 pro
2872 1454 3008 1500 no-

867 1546 980 1619 bis
1008 1548 1607 1619 interventionem
1637 1547 1818 1619 nihil
1845 1571 2138 1646 prorsus
2164 1546 2400 1640 gratiae
2428 1545 2823 1616 obtinuisse
2850 1571 3011 1643 per·

868 1665 1188 1761 cepimus
1211 1719 1229 1756 ,
1273 1689 1408 1735 nec
1446 1665 1718 1758 regiam
1757 1665 1832 1734 in
1878 1689 2012 1734 nos
2052 1663 2406 1734 ullatenus
2440 1663 3011 1758 indignationem

869 1781 1207 1878 placasse.
1261 1782 1454 1853 Fecit
1509 1783 1702 1852 enim
1755 1797 1901 1853 tam
1938 1783 2088 1880 ipse
2141 1805 2361 1878 quam
2417 1780 2758 1852 dominus
2804 1781 2900 1852 de
2941 1781 3013 1850 la

869 1903 1189 1987 Forest1,
1228 1901 1351 1996 qui
1389 1901 1630 1995 magni
1671 1901 1889 1972 etiam
1941 1900 2086 1971 loci
2135 1914 2287 1970 tum
2319 1897 2517 1998 apud
2549 1922 2793 1995 regem
2832 1914 3007 1984 erat,

873 2015 1010 2085 tale
1059 2041 1479 2114 responsum
1524 2043 1538 2085 :
1599 2015 1801 2112 quod
1853 2016 2187 2087 voluntas
2232 2016 2415 2110 regis
2459 2029 2610 2086 erat
2656 2028 2740 2084 ut
2776 2015 3017 2112 Perpi-

875 2132 1175 2204 nianum
1221 2134 1722 2220 transiremu5‚
1772 2147 1987 2229 atque
2034 2133 2107 2203 in
2158 2132 2277 2203 illa
2332 2147 2546 2224 terra,
2603 2156 2762 2228 quae
2819 2147 3017 2202 extra

877 2271 1129 2316 omnes
1163 2249 1361 2341 regni
1390 2249 1649 2319 limites
1675 2248 2033 2336 consistit,
2072 2247 2208 2318 sibi
2252 2249 2703 2318 serviremus.
2748 2251 2857 2316 De
2894 2272 3019 2344 po-

879 2362 1133 2433 tiundo
1185 2379 1423 2435 autem
1490 2363 2007 2435 abolitionibus
2070 2364 2204 2434 illis
2264 2386 2391 2461 per
2448 2387 2691 2458 regem
2761 2363 3011 2452 editis,

877 2479 1350 2570 consulebant
1371 2496 1452 2552 ut
1481 2482 1755 2552 nullam
1788 2482 2073 2578 penitus
2110 2479 2503 2552 faceremus
2536 2480 3012 2552 mentionem.

880 2601 1175 2668 Necesse
1228 2597 1437 2668 nobis
1472 2597 1620 2668 fore
1654 2598 1863 2693 regiae
1916 2597 2412 2694 obtemperare
2454 2595 2850 2680 voluntati;
2904 2599 3014 2703 cpi

878 2715 936 2784 si
957 2739 1206 2810 parere
1231 2715 1345 2786 vel
1382 2716 1454 2784 in
1488 2715 1791 2784 minimo
1822 2713 2401 2799 detrectaremus,
2440 2737 2565 2783 seu
2597 2713 2898 2783 ulterius
2932 2715 3017 2784 de

879 2830 1230 2926 praedictis
1256 2829 1771 2902 abolitionibus
1797 2830 2101 2901 verbum
2144 2829 2573 2920 faceremuS,
2619 2830 3018 2901 verendum

879 2971 970 3016 ne
1005 2946 1080 3015 id
1115 2945 1326 3016 nobis
1353 2945 1876 3017 irremediabile
1918 2948 2333 3044 importaret
2364 2947 2685 3020 exitium.

979 3065 1132 3130 Hoc
1181 3061 1312 3131 fuit
1355 3061 1591 3156 quod,
1640 3062 1932 3158 praefato
1988 3061 2214 3132 Balue
2254 3063 2481 3133 accito
2528 3088 2657 3160 per
2699 3087 2838 3134 nos
2872 3089 3020 3134 me-

882 3177 1153 3249 diatore
1176 3232 1193 3267 ‚
1225 3201 1267 3248 a
1295 3180 1474 3272 regis
1503 3179 1881 3249 clementia
1917 3193 2071 3248 tum
2098 3180 2465 3250 consecuti
2490 3178 2753 3250 fuimus
2790 3194 2862 3251 et
2896 3207 3021 3278 per

879 3319 1048 3366 eum
1082 3318 1504 3392 responsum
1544 3295 1953 3392 accepimus
1978 3349 1995 3381 ,
2054 3295 2329 3389 rejectis
2361 3319 2654 3391 prorsus
2687 3309 2758 3365 et
2794 3296 3024 3368 exsuf-

882 3409 1065 3480 fiatis
1117 3409 1253 3479 illis
1298 3409 1745 3504 generalibus
1802 3409 2161 3480 amnestiis
2212 3425 2355 3480 tam
2419 3411 2837 3480 solemniter
2888 3411 3019 3482 sub

880 3526 1088 3597 titulo
1138 3540 1208 3596 et
1255 3526 1328 3595 in
1372 3527 1520 3595 vim
1578 3551 1661 3596 ac
1714 3525 1939 3596 robur
1990 3527 2239 3622 regalis
2289 3525 2501 3597 edicti
2553 3551 2681 3623 per
2718 3551 3020 3621 regnum

883 3641 1183 3713 ubilibet
1223 3640 1625 3739 publicatis.
1669 3645 1776 3710 De
1812 3640 2075 3737 quibus
2123 3643 2180 3712 si
2225 3640 2423 3737 quod
2467 3643 2813 3714 veraciter
2859 3669 3023 3714 sen-

886 3761 1124 3845 timuS,
1146 3757 1416 3829 anobis
1445 3760 1603 3854 quis
1633 3759 2069 3855 poposcerit,
2110 3782 2259 3827 non
2284 3756 2478 3829 aliud
2499 3759 2564 3828 ei
2586 3758 3025 3856 respondere

882 3898 1291 3972 possumuS‚
1316 3876 1450 3945 nisi
1485 3874 1683 3970 quod
1720 3874 1931 3945 nobis
1954 3898 2099 3943 non
2122 3872 2214 3943 ad
2235 3875 2452 3944 alium
2491 3873 2710 3946 finem
2738 3878 3024 3974 excogi-

962 4151 988 4203 1
1008 4191 1024 4206 .
1068 4146 1242 4204 Louis
1272 4145 1343 4203 ‹lc
1374 4151 1693 4203 Beaumont
1734 4165 1807 4202 en
1849 4145 2053 4202 Poitou
2074 4192 2089 4218 ,
2134 4143 2403 4222 seigneur
2435 4145 2506 4202 de
2537 4149 2619 4202 La
2645 4149 2852 4216 Foret,
2882 4166 3025 4204 con-

884 4241 1076 4298 seiller
1099 4253 1156 4299 et
1183 4239 1544 4298 chambellan
1575 4239 1650 4295 dn
1684 4238 1794 4303 roi,
1828 4239 1981 4296 alors
2010 4258 2382 4314 gouverneur
2414 4239 2486 4296 (le
2514 4238 2569 4296 la
2597 4239 2893 4296 Rochelle.
