3400 5417
1080 530 1301 587 LIBER
1342 530 1748 589 SECUNDUS.
2374 528 2481 585 ³¹1¹

350 666 851 738 controversiae
870 720 889 757 ‚
960 664 1036 736 in
1095 663 1359 762 quibus
1418 664 1514 737 de
1576 662 1994 737 differentiis
2055 662 2495 760 jurisdictio-

350 806 529 853 num
592 780 1233 853 ecclesiasticarum
1293 795 1367 853 et
1430 779 1876 854 saecularium
1904 835 1924 872 ,
1980 778 2096 853 vel
2153 778 2494 851 immuni-

351 894 617 966 tatibus
678 918 1157 992 personarum
1217 909 1291 965 et
1350 919 1594 966 rerum
1657 895 2304 969 ecclesiasticarum
2367 919 2494 965 seu

351 1011 850 1107 religiosorum
921 1011 1253 1082 locorum
1330 1011 1794 1083 contenditur
1816 1065 1836 1103 ,
1909 1012 2005 1085 ad
2085 1034 2264 1109 quas
2343 1035 2496 1081 non

352 1126 579 1197 modo
638 1125 1116 1200 decurtandas
1177 1141 1250 1198 et
1298 1127 1789 1226 praecidendas
1809 1183 1827 1219 ‚
1895 1126 2024 1201 sed
2083 1126 2279 1199 velut
2337 1150 2499 1199 era-

352 1240 700 1315 dicandas
750 1257 824 1313 et
880 1242 1430 1338 exstinguendas
1491 1258 1643 1316 tota
1705 1245 2060 1317 saecularis
2121 1241 2499 1315 advocatio

354 1374 755 1455 cunctaque
832 1361 1195 1431 curiarum
1255 1361 1760 1459 temporalium
1829 1359 2066 1431 officia
2132 1360 2211 1430 in
2277 1384 2500 1454 regno

354 1479 797 1549 Francorum
820 1529 839 1565 ,
891 1490 961 1547 et
995 1477 1361 1574 potissime
1416 1477 1493 1547 in
1544 1491 1791 1550 nostra
1825 1475 2302 1569 Normannia,
2337 1500 2505 1548 con-

354 1594 654 1691 spirasse
688 1592 1049 1665 videntur.
1083 1598 1355 1665 Verum
1383 1619 1553 1665 cum
1580 1594 1673 1667 ad
1702 1592 2194 1666 venerabilem
2230 1592 2504 1664 curiam

354 1709 775 1807 parlamenti
823 1734 953 1807 per
998 1709 1558 1809 appellationem
1590 1736 1718 1781 seu
1764 1735 1893 1809 per
1932 1710 2127 1782 viam
2161 1724 2504 1805 requestae

354 1840 483 1896 aut
537 1826 711 1898 alias
775 1826 950 1897 tales
1011 1826 1315 1922 querelae
1381 1824 1830 1917 deferuntur,
1909 1825 2075 1897 licet
2138 1848 2370 1897 causae
2428 1824 2502 1894 in

356 1940 510 2038 ipsa
562 1941 761 2013 curia
816 1966 969 2013 non
1036 1941 1286 2012 leviter
1337 1966 1470 2012 nec
1539 1940 1743 2012 facile
1792 1942 2266 2011 terminentur
2294 1995 2312 2031 ,
2379 1938 2506 2010 sed

355 2057 610 2155 saepius
646 2071 809 2155 post
858 2057 1113 2152 longas
1172 2056 1467 2129 demum
1509 2058 1855 2156 temporis
1910 2079 2152 2129 moras
2196 2054 2507 2127 labores·

354 2196 497 2269 que
557 2172 911 2271 plurimos
970 2186 1042 2243 et
1112 2196 1458 2271 expensas
1486 2226 1506 2262 ‚
1572 2172 1936 2244 interdum
2011 2185 2252 2243 tamen
2335 2172 2506 2241 satis

354 2288 587 2359 vicine
652 2304 724 2360 et
794 2287 1236 2359 confirmiter
1295 2288 1389 2360 ad
1440 2288 1713 2385 jurium
1769 2287 2313 2385 dispositionem
2368 2286 2505 2357 de-

355 2404 697 2475 ciduntur
730 2420 799 2475 et
833 2403 1311 2498 diffiniuntur,
1356 2404 1826 2501 ferunturque
1875 2403 2240 2476 sententiae
2289 2405 2504 2475 etiam

355 2519 750 2617 aliquando
815 2534 1068 2592 contra
1122 2520 1358 2616 regios
1423 2535 1928 2620 procuratores
1992 2520 2506 2617 curiarumque

356 2634 723 2728 officialeS‚
763 2650 867 2726 et,
910 2638 969 2707 si
1011 2638 1187 2733 quid
1225 2638 1576 2709 violentiae
1631 2654 1755 2710 aut
1810 2637 2084 2735 injuriae
2135 2637 2505 2710 manifeste

356 2753 667 2825 ecclesiae
697 2754 1104 2847 irrogarint,
1144 2753 1507 2826 interdum
1535 2756 1794 2851 corrigi
1833 2769 1905 2827 et
1941 2753 2181 2853 puniri
2227 2755 2500 2844 solent,

357 2869 460 2939 sic
512 2868 712 2964 quod
772 2893 1055 2967 semper
1112 2870 1466 2940 nonnulla
1526 2896 1687 2968 spes
1747 2885 1992 2941 manet
2048 2869 2506 2941 ecclesiarum

359 2985 669 3083 praelatis
702 2999 773 3056 et
827 2983 1264 3076 rectoribuS,
1321 2984 1583 3081 quibus
1641 2985 1734 3057 ad
1786 2984 2200 3082 hujusmodi
2259 3009 2506 3082 supre-

357 3129 562 3174 mum
626 3102 941 3175 tribunal
1014 3104 1227 3174 curiae
1254 3186 1269 3201 δ
1295 3102 1721 3201 parlamenti
1797 3127 2163 3173 recursum
2238 3102 2506 3175 habere

358 3220 819 3317 permittitur,
898 3244 1107 3290 suum
1172 3219 1287 3314 jus
1363 3232 1758 3313 utcumque
1840 3217 2187 3312 consequi
2275 3219 2498 3292 illata·

361 3359 666 3431 rumque
718 3337 1136 3433 injuriarum
1187 3361 1313 3406 seu
1345 3335 1853 3407 violentiarum
1903 3333 2340 3431 condignam
2395 3361 2506 3405 re·

362 3457 809 3550 parationem
864 3451 1239 3523 obtinendi
1288 3479 1301 3520 ε
1365 3450 1982 3547 quemadmodum
2037 3476 2220 3549 saepe
2265 3466 2505 3524 actum

361 3568 573 3640 fuisse
633 3569 882 3668 priscis
937 3567 1382 3667 temporibus
1449 3582 1663 3664 atque
1728 3567 2089 3639 interdum
2155 3569 2504 3639 recentio-

361 3684 600 3777 ribuS‚
661 3686 943 3783 parcius
989 3699 1059 3755 et
1119 3685 1345 3755 rarius
1400 3684 1600 3777 licet,
1660 3699 2113 3781 compertum
2153 3699 2281 3755 est.
2330 3688 2505 3772 Quae

361 3827 473 3872 res
506 3802 1075 3873 consolationem
1124 3799 1379 3894 ingerit
1422 3824 1759 3895 magnam
1804 3800 1972 3897 ipsis
2017 3802 2360 3897 praelatis,
2401 3801 2507 3869 in-

354 3919 620 4014 juriam
654 3943 777 3989 seu
824 3917 1258 3990 calumniam
1295 3917 1542 4015 passiS‚
1585 3917 1696 3988 vel
1735 3918 2089 4015 oppressis
2137 3918 2506 4013 iniquitate

363 4051 432 4107 et
498 4036 670 4107 dolo
724 4036 1145 4107 inferiorum
1176 4034 1503 4131 judicum
1550 4059 1676 4104 seu
1710 4032 2140 4104 officiorum.
2181 4034 2385 4131 Atqui
2433 4034 2501 4101 in

364 4153 735 4249 provincia
777 4153 1279 4244 Normanniae‚
1328 4149 1451 4222 ubi
1487 4151 1956 4248 provinciales
1995 4150 2164 4221 solis
2214 4148 2505 4247 quibus·

367 4268 537 4339 dam
575 4268 1218 4341 consuetudinibus
1278 4269 1707 4360 innituntur,
1745 4283 1814 4339 et
1850 4267 2127 4363 judices
2171 4282 2242 4337 et
2283 4266 2504 4338 advo-
