3400 5417
991 470 1063 524 66
1528 467 2042 523 HISTORIARUM
2090 464 2442 521 LUDOVICI
2485 466 2570 519 xl

989 600 1143 692 gnis
1175 600 1401 695 copiis
1432 596 1525 667 ad
1560 598 1901 667 auxilium
1941 592 2326 693 pontificis,
2356 594 2558 690 cujus
2593 594 2855 664 militiae
2885 592 3116 663 dictus

984 736 1228 783 comes
1260 713 1738 807 Hieronymus
1767 710 2186 807 praepositus
2217 723 2367 781 erat
2395 722 2468 778 et
2502 708 2780 780 ductor.

1087 826 1420 897 Videntes
1463 842 1701 898 autem
1753 825 2141 896 Florentini
2202 824 2488 895 difficile
2519 848 2604 895 ac
2637 824 3114 921 periculosum

981 942 1113 1013 sibi
1144 943 1516 1013 imminere
1540 942 1839 1033 bellum,
1870 946 2179 1011 Venetos
2199 938 2296 1038 [et
2318 939 2634 1037 caeteros]
2664 965 2847 1036 quos
2877 954 3118 1037 potue·

982 1072 1173 1149 runt,
1222 1057 1568 1129 foederare
1622 1071 1693 1127 et
1738 1056 1872 1126 sibi
1922 1058 1995 1126 in
2049 1057 2390 1127 auxilium
2437 1078 2795 1126 accersere
2839 1056 3117 1127 studue-

980 1191 1171 1245 runt.
1234 1175 1373 1245 Sed
1420 1200 1586 1244 cum
1656 1172 1927 1243 viribus
1986 1174 2294 1270 impares
2341 1171 2627 1243 duobus
2679 1172 2813 1243 illis
2869 1173 3116 1243 validis

978 1289 1336 1388 pontificis
1367 1304 1439 1360 et
1468 1290 1652 1384 regis
1679 1288 2102 1360 exercitibus
2135 1289 2573 1379 exsisterent,
2599 1289 2720 1385 qui
2747 1289 2899 1384 jam
2934 1290 3116 1359 intra

976 1408 1233 1479 limites
1252 1421 1599 1477 terrarum
1619 1430 1908 1477 suarum
1931 1430 2003 1475 se
2025 1404 2446 1495 effuderant,
2463 1405 2812 1501 pluraque
2834 1406 3116 1477 castella

980 1539 1190 1594 antea
1235 1546 1377 1592 suae
1411 1522 1734 1613 ditionis,
1777 1522 1885 1591 vel
1929 1535 2123 1590 metu
2162 1521 2492 1592 exterrita
2522 1520 2618 1591 ad
2649 1519 2892 1592 hostes
2933 1521 3116 1593 defe-

981 1640 1184 1731 cisse,
1219 1639 1330 1708 vel
1357 1638 1450 1709 ab
1482 1639 1581 1708 eis
1607 1638 1677 1706 vi
1708 1653 1914 1734 capta
1950 1652 2021 1707 et
2054 1635 2330 1733 direpta
2375 1635 2738 1729 viderent,
2783 1638 2914 1734 ipsi
2951 1662 3114 1734 pru-

979 1756 1230 1827 denter
1263 1754 1906 1827 animadvertentes
1949 1754 2142 1849 quali
2175 1752 2622 1848 subjacerent
2658 1755 3005 1851 periculo,
3063 1757 3114 1823 si

979 1871 1245 1942 diutius
1272 1870 1541 1941 bellum
1567 1870 1943 1941 adversum
1969 1896 2042 1939 se
2071 1885 2547 1967 procurreret,
2575 1872 2688 1941 cui
2724 1871 2796 1940 in
2821 1871 3115 1966 longum

976 1986 1396 2059 sustinendo
1419 1988 1601 2056 vires
1633 2012 1801 2077 sua),
1828 1987 2040 2079 longe
2064 1986 2382 2056 hostium
2419 1988 2752 2083 potentiae
2781 1987 3113 2083 impareS,

977 2104 1272 2173 minime
1344 2101 1668 2173 sufficere
1720 2104 2149 2199 potuissent,
2200 2103 2288 2173 de
2340 2103 2824 2199 perquirendo
2883 2104 3116 2175 medio

974 2220 1169 2315 pacis
1203 2219 1629 2313 cogitarunt.
1653 2218 1872 2313 Cujus
1907 2219 2007 2288 rei
2044 2219 2263 2313 gratia
2291 2219 2667 2315 pra’dictus
2702 2222 3118 2291 Laurentius

978 2336 1069 2405 de
1098 2335 1413 2428 Medicis,
1449 2352 1792 2431 tanquam
1854 2338 1928 2405 in
2003 2362 2129 2407 sua
2194 2337 2562 2434 republica
2613 2338 2999 2435 primarius
3057 2355 3120 2410 et

982 2454 1410 2549 praecipuus,
1450 2467 1519 2521 et
1549 2451 1645 2522 ob
1682 2452 1885 2545 cujus
1919 2454 2444 2524 aemulationem
2483 2469 2695 2549 atque
2749 2454 3004 2526 odium
3029 2458 3118 2527 illi

978 2566 1068 2636 de
1104 2567 1324 2638 Passis
1392 2581 1620 2636 totum
1660 2567 1897 2657 illum,
1959 2583 2028 2637 et
2077 2566 2577 2655 domesticum,
2632 2583 2698 2638 et
2751 2584 3116 2641 externum

975 2686 1362 2755 tumultum
1416 2685 1842 2773 excitarant,
1907 2710 1987 2755 ex
2041 2702 2250 2781 portu
2307 2687 2561 2757 Pisano
2627 2712 2791 2757 cum
2842 2688 3120 2761 duabus

977 2800 1387 2871 triremibus
1422 2799 1794 2896 Neapolim
1828 2800 1920 2869 ad
1961 2827 2194 2894 regem
2233 2804 2609 2897 navigaxit.
2656 2803 2860 2899 Apud
2909 2831 3118 2900 quem

981 2931 1048 2986 et
1088 2916 1237 3011 ejus
1264 2916 1783 2986 interventione
1820 2916 2010 3011 apud
2057 2918 2472 3012 pontificem
2500 2974 2518 3008 ,
2584 2920 2975 2991 Florentini
3022 2948 3116 2990 re-

981 3034 1501 3104 conciliationis
1539 3049 1610 3103 et
1644 3033 2094 3103 discessionis
2143 3059 2180 3105 a
2241 3036 2433 3105 bello
2484 3038 2778 3131 gratiam
2833 3039 3118 3110 invene-

984 3166 1196 3240 runt;
1244 3150 1341 3219 sic
1389 3150 1624 3245 quod,
1658 3149 1862 3220 brevi
1910 3150 2074 3219 satis
2110 3152 2447 3247 temporis
2503 3153 2757 3249 spati0,
2797 3154 3121 3248 hujusce·

987 3268 1178 3338 modi
1253 3291 1619 3337 armorum
1684 3267 1998 3364 procella
2025 3319 2043 3351 ,
2125 3292 2280 3361 quir
2343 3268 2764 3339 Florentinis
2829 3271 3120 3341 exitium

984 3384 1235 3453 minari
1288 3383 1702 3471 videbatur,
1745 3384 1870 3452 Dei
1916 3382 2341 3477 providente
2394 3384 2812 3475 clementia,
2878 3386 3118 3456 sedata

981 3516 1129 3591 est,
1172 3514 1241 3569 et
1292 3501 1485 3594 pacis
1546 3500 1860 3569 rediviva
1917 3499 2200 3568 lenitate
2259 3515 2470 3595 atque
2529 3502 2906 3572 dulcedine
2987 3503 3120 3571 sere

984 3629 1302 3684 serenata
1318 3618 1358 3682 ¹.

985 3837 1067 3890 roi
1108 3834 1179 3891 de
1220 3833 1426 3911 Naples
1466 3835 1633 3909 apres
1674 3832 2015 3909 l‘expulsion
2049 3834 2144 3887 des
2185 3836 2451 3908 Franqais
2483 3856 2550 3890 cn
2588 3839 2772 3903 14963
2815 3839 2962 3893 mais
2994 3840 3122 3895 cest

986 3952 1096 3986 um·
1141 3949 1359 3986 crreur.
1414 3933 1491 3984 Lc
1532 3928 1760 4002 general
1810 3946 1922 4003 que
1971 3929 2022 3984 le
2061 3930 2142 3983 roi
2184 3929 2504 3985 Ferdinand
2555 3951 2779 4007 enxoya
2814 3946 3022 3989 contre
3049 3934 3122 3988 les

990 4024 1306 4079 Florentius
1339 4023 1415 4076 sut
1456 4021 1744 4090 Frcdbric,
1778 4035 1966 4077 cointe
1996 4021 2258 4078 ‹sci-hin.

1074 4125 1121 4172 1.
1172 4116 1441 4172 L'auteur
1482 4116 1661 4171 aurait
1711 4136 1786 4189 pu
1823 4116 2064 4184 jus-nilion·
2112 4130 2258 4171 cette
2299 4117 2611 4193 digression
2666 4139 2733 4173 en
2779 4121 3006 4195 pariant
3059 4123 3120 4175 ah·

983 4210 1404 4266 [interventioni
1437 4210 1508 4263 d·-
1538 4210 1712 4264 Louis
1747 4213 1826 4263 XI
1855 4230 1924 4263 vn
1960 4212 2157 4264 ίέικϊιιι·
2187 4212 2282 4265 des
2317 4213 2662 4279 rim-emin„
2703 4214 2839 4268 mais
2875 4214 2906 4269 il
2941 4214 3116 4289 paruit
