3400 5417
1182 550 1403 606 LIBER
1446 548 1849 607 SECUNDUS.
2464 546 2567 601 381

1185 815 1697 888 CAPITULUM
1751 817 1870 886 lX.

1106 994 1270 1049 Aliud
1298 996 1601 1067 exemplum
1624 994 1693 1047 de
1721 992 1938 1047 eodem·

551 1152 696 1223 Alia
732 1152 1023 1249 insuper
1065 1165 1170 1222 est
1218 1149 1361 1221 illic
1402 1148 1878 1239 consuetudO,
1919 1144 2120 1244 quod
2155 1144 2228 1214 in
2264 1143 2589 1215 crimina-

442 1270 631 1341 libus
664 1269 893 1340 causis
925 1293 1113 1361 reuS,
1154 1268 1427 1339 etiamsi
1456 1281 1947 1339 accusatorem
1981 1262 2260 1334 nullum
2293 1259 2581 1355 habeat,

443 1384 899 1483 compellitur
951 1384 1294 1457 violentia
1356 1398 1882 1455 tormentorum
1940 1397 2012 1454 et
2065 1381 2538 1476 quaestionum
2562 1435 2584 1472 ‚

442 1502 571 1574 ubi
628 1502 837 1573 nullae
882 1518 1087 1574 certae
1139 1502 1403 1573 adsunt
1448 1501 1946 1598 probationes,
1998 1497 2110 1570 vel
2161 1500 2431 1570 crimen
2487 1498 2590 1569 in-

443 1634 791 1690 tentatum
829 1620 1069 1707 fateri,
1110 1618 1218 1689 vel
1259 1643 1333 1689 se
1377 1619 1634 1689 referre
1667 1617 1761 1688 ad
1797 1617 2086 1705 famam,
2131 1615 2221 1686 de
2265 1640 2408 1711 qua
2441 1614 2592 1687 sola

443 1734 827 1805 duodecim
864 1735 989 1803 viri
1022 1734 1510 1804 testimonium
1536 1733 1792 1804 ferant.
1822 1736 2058 1818 Quam
2087 1730 2398 1828 speciem
2426 1755 2593 1827 pro-

443 1847 757 1921 bationis
801 1878 835 1918 «
874 1852 1274 1946 inquestam
1313 1849 1555 1947 patriae
1591 1877 1624 1914 »
1665 1846 2054 1945 appellant.
2111 1851 2192 1915 Et
2243 1845 2406 1917 licet
2451 1845 2590 1918 hu-

438 1966 758 2061 jusmodi
807 1966 1193 2037 duodecim
1232 1966 1365 2035 viri
1410 1989 1662 2035 omnes
1688 1966 1928 2059 jurent
1961 1988 2034 2032 se
2069 1962 2158 2032 de
2194 1960 2380 2033 facto
2417 1961 2595 2033 nihil

448 2083 733 2178 penitus
762 2106 971 2152 nosse
1006 2107 1131 2152 seu
1165 2083 1370 2171 scire,
1415 2082 1472 2150 si
1515 2096 1756 2150 tamen
1799 2079 2110 2173 inquisiti
2147 2078 2324 2175 quid
2358 2080 2594 2176 potius

447 2196 767 2287 credant,
808 2212 1131 2267 asserunt
1164 2197 1275 2267 vel
1311 2220 1562 2266 omnes
1614 2194 1724 2265 vel
1769 2194 1998 2289 major
2028 2217 2278 2265 eorum
2324 2219 2486 2291 pars
2519 2219 2594 2265 se

448 2314 686 2410 potius
717 2312 1005 2386 credere
1038 2312 1412 2384 hominem
1447 2337 1649 2383 reum
1684 2338 1904 2410 quam
1949 2313 2364 2405 innoxium,
2403 2339 2594 2384 con—

449 2428 906 2501 demnabitur
948 2455 1077 2527 per
1130 2429 1273 2500 hoc
1322 2428 1415 2501 ad
1464 2444 1796 2520 mortem,
1851 2430 2048 2499 nullo
2095 2427 2594 2526 appellationis

450 2547 560 2617 vel
599 2548 899 2641 querela·
939 2547 1257 2617 remedio
1314 2548 1385 2616 in
1423 2548 1866 2617 contrarium
1901 2545 2036 2616 sibi
2074 2571 2395 2641 unquam
2429 2549 2597 2617 vali-

452 2676 637 2731 tur0.
679 2662 924 2753 Quod,
963 2663 1215 2760 procul
1251 2662 1504 2751 dubio,
1538 2661 1746 2733 valde
1783 2662 2109 2757 iniquum
2145 2676 2216 2731 et
2247 2662 2597 2759 periculo-

450 2779 805 2849 sissimum
840 2804 990 2848 esse
1020 2778 1327 2869 videtur,
1363 2805 1531 2849 cum
1560 2779 1634 2847 in
1668 2777 2180 2869 criminalil)uS‚
2211 2780 2594 2875 praesertim

452 2894 542 2965 ad
586 2893 1083 2965 damnandum
1130 2921 1329 2965 reum
1373 2895 1626 2965 ultimo
1671 2896 2061 2992 supplicio,
2105 2894 2418 2967 debeant
2450 2923 2596 2967 esse

453 3009 915 3105 probationes
968 3010 1127 3079 luce
1190 3010 1589 3079 meridiana
1652 3011 1984 3080 clariores
2006 3062 2027 3098 ,
2088 3025 2156 3079 et
2217 3012 2453 3083 nullus
2512 3038 2597 3084 ex

455 3126 979 3223 suspicionibus
1016 3129 1123 3197 vel
1168 3127 1357 3197 fama
1390 3126 1479 3195 sit
1522 3126 2000 3215 damnandus,
2045 3144 2120 3197 ut
2157 3129 2344 3223 le'ges
2378 3146 2445 3200 et
2481 3154 2597 3201 ca-

456 3267 682 3311 nones
735 3242 1101 3312 manifeste
1153 3255 1561 3311 sanxerunt.
1618 3240 1830 3325 Quod
1889 3243 1944 3311 si
2005 3244 2160 3336 quis
2213 3260 2486 3337 arguat,
2542 3248 2597 3317 si

458 3382 603 3425 non
647 3357 741 3426 ita
778 3357 921 3445 fiat,
966 3358 1377 3449 contingere
1422 3381 1626 3452 posse.
1661 3356 1858 3451 quod
1898 3382 2078 3453 sa‘pe
2115 3359 2415 3430 crimina
2451 3386 2599 3431 ma-

459 3488 672 3541 neant
732 3474 1117 3570 impunita,
1183 3471 1682 3543 deficientibus
1749 3472 2296 3570 probationibus
2351 3479 2593 3569 certis*‚

460 3588 844 3684 respondet
877 3589 986 3658 lex
1022 3589 1271 3678 civilis·‚
1304 3613 1718 3683 quanquam
1751 3587 1819 3658 id
1864 3590 2112 3659 inconx
2129 3592 2376 3662 eniens
2413 3595 2496 3663 sit
2531 3612 2599 3665 et

462 3730 607 3772 non
640 3728 940 3800 parrum
984 3704 1057 3772 in
1107 3702 1471 3799 republica
1509 3701 1693 3773 bene
1731 3704 2069 3797 regulata,
2117 3722 2350 3778 tamen
2388 3710 2602 3781 satius

462 3822 687 3891 multo
731 3848 879 3892 esse
915 3824 1182 3892 crimen
1224 3822 1545 3891 nocentis
1581 3846 1870 3892 manere
1910 3824 2342 3919 impunitum
2383 3853 2597 3922 quam

462 3938 716 4031 punire
753 3939 1209 4007 innocentem
1244 3964 1257 4005 ε
1306 3935 1505 4031 quod
1546 3936 1980 4031 frequentius
2029 3941 2312 4009 evenire
2352 3944 2602 4037 procul

464 4051 690 4121 dubio
727 4069 995 4150 potest,
1036 4056 1091 4123 si
1130 4078 1289 4122 rcus
1334 4053 1730 4148 postulatus
1759 4081 1840 4123 cx
1889 4055 2038 4125 sola
2077 4056 2259 4127 sama
2305 4060 2417 4128 vel
2451 4086 2600 4130 cre-

464 4169 704 4239 dentia
737 4172 1140 4266 aliquorum
1176 4170 1579 4261 damnetur,
1621 4187 1833 4266 prout
1868 4173 2173 4243 admittit
2210 4174 2396 4245 dicta
2425 4201 2597 4246 con-
2643 4160 2646 4163 ⁴

466 4286 794 4356 suetudo,
