3400 5417
1220 532 1439 591 mult
1480 532 1783 591 SEXTUS.
2488 528 2564 589 ha

530 667 715 739 Cum
750 688 922 737 vero
954 689 1079 737 rex
1110 678 1292 737 esset
1327 661 1675 754 Atrebati,
1715 663 1841 737 ubi
1872 677 1944 735 et
1976 686 2106 760 per
2133 687 2389 735 omnes
2421 678 2566 735 ter-

430 806 545 854 ras
574 782 854 855 Artesiae
898 796 970 854 et
998 782 1279 853 Pontivi
1318 782 1881 855 numerosiorem
1916 780 2141 852 multo
2175 778 2568 877 meliusque

431 900 650 969 armis
698 899 1121 969 instructum
1163 899 1549 969 exercitum
1593 898 2090 996 expeditorum
2123 895 2444 991 equitum
2485 921 2571 971 ao

432 1014 758 1113 peditum
807 1014 1113 1087 effusum
1160 1012 1460 1087 haberet
1488 1064 1506 1099 ,
1553 1038 1705 1086 non
1747 1030 1990 1087 tamen
2028 1037 2240 1086 ausus
2282 1026 2389 1083 est
2441 1036 2572 1083 ne-

431 1154 578 1226 que
616 1130 997 1203 consilium
1044 1145 1169 1201 aut
1208 1131 1490 1203 animus
1534 1130 1670 1202 sibi
1705 1130 1835 1202 fuit
1858 1186 1878 1220 ,
1925 1128 2218 1224 aliquod
2263 1124 2572 1224 oppido-

432 1270 599 1319 rum
645 1246 847 1320 ducis
883 1244 1263 1319 obsidione
1304 1246 1567 1319 vallare
1602 1260 1727 1317 aut
1764 1246 1980 1318 armis
2018 1243 2306 1340 aggredi
2351 1267 2572 1341 expu-

436 1387 683 1459 gnare,
715 1387 801 1434 ex
833 1387 923 1434 eo
956 1376 1307 1459 tempore,
1341 1386 1488 1456 quo
1517 1363 1779 1434 ducem
1807 1363 1901 1434 ad
1936 1376 2256 1461 patentes
2282 1383 2575 1458 campos

434 1480 684 1551 exiisse
716 1478 1079 1574 cognovit.

535 1592 911 1667 Paululum
947 1592 1281 1691 equidem
1315 1618 1444 1692 per
1481 1609 1691 1667 antea
1721 1595 1894 1689 regii
1924 1591 2354 1691 oppidulum
2389 1594 2577 1663 Con·

438 1708 687 1783 datum
706 1711 1105 1782 Hannoniae
1132 1709 1554 1781 brevissima
1582 1709 1988 1795 obsidione,
2023 1734 2191 1779 cum
2210 1708 2578 1779 nonnullis

438 1826 676 1923 parvis
712 1827 1016 1898 castellis
1038 1877 1057 1912 ,
1114 1826 1206 1897 ad
1264 1823 1707 1895 deditionem
1755 1824 2158 1897 faciendam
2210 1823 2577 1920 compule-

442 1956 605 2013 rant
627 1948 671 2013 ¹.
716 1942 852 2013 Sed
889 1966 1110 2040 quam
1152 1943 1468 2039 primum
1503 1956 2000 2037 cognoverunt
2034 1940 2295 2011 ducem
2329 1964 2414 2009 ex
2449 1964 2580 2037 op-

438 2058 616 2157 pido
649 2061 1001 2130 Montium
1034 2060 1484 2147 Hannoniae²,
1515 2057 1640 2130 ubi
1668 2083 1830 2130 suas
1862 2059 2106 2155 copias
2136 2073 2574 2153 aggregarat,

441 2192 671 2249 castra
718 2202 1006 2248 movere
1029 2227 1051 2262 ,
1103 2179 1355 2249 Franci
1411 2176 1534 2271 qui
1574 2174 1879 2247 Condati
1918 2191 2404 2245 remanserant
2427 2229 2446 2260 ,
2490 2175 2579 2246 de

440 2293 583 2364 loci
624 2291 1037 2364 defensione
1080 2290 1339 2383 diffisi,
1387 2292 1634 2363 relicto
1680 2290 1954 2390 oppido
2006 2306 2076 2361 et
2125 2291 2200 2360 in
2238 2305 2439 2387 parte
2475 2292 2582 2361 in-

440 2434 658 2481 censo
693 2423 908 2504 atque
944 2407 1251 2505 direpto,
1282 2408 1638 2479 abierunt.
1673 2412 1760 2477 Et
1788 2407 2109 2477 similiter
2131 2407 2270 2478 alia
2298 2407 2582 2478 castella

440 2538 512 2595 et
560 2548 783 2612 arceS,
843 2548 1021 2620 quas
1078 2525 1410 2622 proximo
1461 2539 1627 2596 ante
1675 2537 2116 2619 receperant,
2158 2539 2574 2594 vacuarunt.

546 2642 711 2709 Post
752 2637 937 2726 hoe,
986 2638 1085 2708 uti
1136 2637 1487 2725 diximus,
1527 2638 1726 2708 venit
1762 2637 1944 2727 dux,
1993 2652 2066 2708 et
2098 2639 2299 2732 juxta
2339 2637 2580 2708 villam

444 2755 617 2825 dicti
665 2753 1305 2826 Pontis-Avendini
1348 2770 1578 2826 castra
1611 2768 1916 2825 metatus
1950 2753 2136 2851 [est].
2188 2756 2369 2846 Qui,
2415 2780 2582 2825 cum

444 2870 749 2942 videret³
788 2869 1100 2941 Atrebati
1154 2895 1392 2963 regem
1444 2871 1639 2941 velut
1689 2870 2138 2959 delitescere,
2197 2896 2330 2940 nec
2382 2870 2584 2940 dimi-

446 2985 660 3059 candi
707 2988 780 3056 in
823 2985 1061 3083 palam
1112 3001 1181 3057 et
1224 2987 1482 3082 patulis
1533 2988 1805 3084 campis
1849 2986 2081 3057 facere
2118 2987 2438 3081 copiam,
2478 2986 2582 3056 uti

446 3100 638 3175 sama
690 3101 1072 3192 ferebatur,
1130 3128 1296 3173 eum
1349 3127 1560 3174 ausus
1616 3118 1720 3171 est
1776 3127 1903 3199 per
1965 3103 2438 3173 internuntios
2490 3103 2581 3173 ad

447 3232 807 3290 certamen
840 3242 1271 3314 provocare,
1313 3233 1383 3288 et
1407 3218 1499 3288 ad
1530 3218 1862 3314 proelium
1895 3217 2217 3313 patulum
2253 3242 2579 3309 evocare,

446 3347 521 3404 et
596 3334 720 3428 (ut
786 3333 999 3426 vulgo
1070 3332 1208 3403 dici
1284 3334 1508 3427 solet)
1589 3332 1943 3404 diffidare.
2022 3333 2161 3403 Sed
2231 3333 2584 3429 quidquid

450 3448 624 3520 inde
678 3447 910 3540 fuerit,
970 3476 1087 3523 rex
1136 3450 1378 3545 copias
1438 3473 1637 3539 suaS,
1693 3450 1857 3520 licet
1901 3450 2242 3521 maximas
2301 3464 2372 3519 et
2417 3450 2584 3521 vali-

450 3564 779 3635 dissimas
825 3564 1191 3656 haberet⁴,
1243 3565 1637 3661 periculum
1692 3566 2100 3636 certaminis
2148 3590 2294 3635 non
2352 3566 2585 3636 existi-

538 3810 597 3863 1.
642 3806 870 3877 Cende,
902 3806 1117 3883 assii=ge
1147 3826 1252 3884 par
1290 3808 1343 3863 le
1374 3806 1460 3867 roi
1501 3826 1573 3865 en
1607 3825 1928 3885 personne,
1968 3826 2028 3865 se
2057 3808 2245 3867 rendit
2277 3809 2330 3865 le
2365 3813 2442 3866 1‘t
2473 3808 2584 3865 mai

456 3903 636 3957 1478.

538 3996 597 4052 2.
641 3998 809 4051 Mons
834 4014 907 4050 en
938 3994 1208 4051 Hainaut.

542 4091 597 4144 3.
648 4090 920 4144 Videt-ent
952 4088 1094 4145 dans
1123 4089 1175 4146 le
1203 4110 1308 4146 ms.

542 4186 597 4239 4.
644 4182 805 4237 Trois
836 4182 987 4237 mille
1019 4183 1209 4239 lances
1237 4196 1289 4239 et
1320 4183 1525 4258 quinte
1554 4183 1708 4239 mille
1736 4184 2209 4247 francs—archen,
2234 4182 2390 4238 selon
2423 4183 2581 4239 Moli-

460 4288 593 4344 net,
631 4287 672 4333 t.
708 4278 800 4345 11,
833 4275 926 4331 ch.
960 4296 1053 4331 Lx.
