3400 5417
1052 519 1168 574 180
1593 516 2109 574 HISTORIARUM
2148 515 2507 571 LUDOVICI
2545 513 2633 569 XI

1047 640 1374 712 codicem
1423 641 1656 738 ipsum
1700 638 2235 734 evangeliorum
2281 637 2545 732 tetigit3
2600 635 2698 706 ita
2731 646 2810 703 ut
2857 633 3131 704 videntes

1046 780 1089 826 a
1132 756 1279 827 risu
1310 771 1706 852 temperare
1746 779 1897 825 non
1940 767 2272 850 possent,
2310 767 2381 822 et
2420 775 2588 822 eum
2634 747 3129 846 quodammodo

1047 870 1243 941 velut
1273 869 1578 941 delirum
1607 869 2115 940 existimarent.

1143 985 1363 1057 Multa
1395 1002 1464 1057 et
1514 985 1652 1056 alia
1683 985 1937 1055 similia
1988 1008 2168 1080 saepe
2207 982 2300 1055 ab
2341 981 2600 1053 eodem
2652 979 2835 1051 facta
2874 993 2945 1050 et
2984 978 3131 1049 dicta

1040 1103 1338 1197 longum
1372 1116 1551 1174 esset
1586 1115 1655 1171 et
1681 1100 2051 1171 taediosum
2086 1098 2371 1170 referre.
2406 1101 2509 1167 Ex
2560 1094 2863 1194 quibuS‚
2910 1108 3129 1190 quanta

1037 1219 1405 1314 qualisque
1461 1218 1533 1287 in
1592 1218 1747 1288 viro
1807 1217 2106 1312 gravitas
2161 1229 2373 1311 atque
2436 1211 2817 1311 prudentia
2875 1211 3126 1298 inesset,

1035 1334 1307 1430 liquido
1357 1348 1659 1405 constat.
1710 1337 1882 1420 Quae
1920 1330 2251 1428 quidem,
2302 1329 2431 1400 etsi
2466 1328 2691 1423 magis
2735 1327 2975 1398 adhuc
3010 1326 3131 1396 ridi·

1033 1451 1194 1520 cula
1230 1465 1296 1520 et
1336 1449 1646 1519 ludibrio
1682 1448 1899 1542 digua
1932 1447 2389 1537 exstitissent,
2454 1443 2852 1515 tolerabilia
2884 1459 3131 1514 utcum-

1030 1590 1171 1659 que
1224 1565 1550 1656 fuissent,
1613 1564 1670 1634 si
1717 1589 1865 1634 non
1914 1562 2289 1657 injustitia,
2348 1560 2648 1659 perfidia
2692 1575 2764 1631 et
2808 1559 2962 1630 doli
3004 1557 3130 1629 mali

1030 1681 1606 1752 machinamenta
1658 1682 1809 1776 ejus
1857 1680 2224 1750 stultitiam
2270 1694 2484 1775 atque
2536 1678 3011 1775 insipientiam
3042 1701 3129 1746 su·

1031 1809 1420 1890 perassent.

1716 2123 2229 2191 CAPITULUM
2291 2121 2474 2186 xltl.

1863 2327 1939 2376 De
1975 2324 2175 2394 justitia
2212 2325 2343 2393 ejus.

1130 2500 1370 2592 Unde,
1412 2515 1795 2597 postquam
1840 2501 1929 2570 de
1975 2502 2104 2570 viri
2158 2501 2537 2600 prudentia
2578 2515 2792 2596 atque
2831 2499 3131 2596 sapientia

1029 2617 1358 2688 nonnihil
1398 2617 1789 2708 retulimUS,
1823 2617 1911 2686 de
1939 2617 2207 2711 justitia
2236 2618 2449 2688 etiam
2479 2617 2699 2712 ipsius
2726 2615 3129 2712 loquendum

1026 2749 1152 2802 est.
1209 2735 1350 2820 Qui
1397 2734 1727 2827 quidem,
1782 2759 1947 2803 cum
2002 2734 2381 2828 prudentia
2433 2733 2457 2827 ζ
2476 2756 2633 2827 quae
2679 2732 2905 2802 virtus
2949 2746 3040 2802 est
3082 2745 3131 2799 et

1030 2851 1365 2918 virtutum
1402 2863 1816 2917 caeterarum
1852 2849 2041 2917 velut
2072 2850 2345 2942 auriga)
2369 2849 2516 2946 ipse
2551 2849 2859 2919 caruerit
2884 2902 2906 2938 ,
2947 2848 3130 2944 qualis

1037 2966 1258 3034 inesse
1305 2965 1447 3033 illic
1493 2965 1762 3058 justitia
1824 2966 2176 3061 potuerit,
2238 2964 2364 3034 ubi
2435 2965 2812 3061 prudentia
2870 2967 3130 3036 omnino

1030 3080 1249 3149 defuit
1291 3079 1317 3146 Ρ
1374 3083 1551 3149 Sunt
1594 3081 1789 3150 euim
1834 3082 2164 3171 virtuteS,
2218 3081 2612 3151 secundum
2654 3083 3129 3179 prophetarum

1028 3197 1578 3267 clarissimm·um
1627 3212 1691 3266 et
1747 3197 2248 3290 theologorum
2282 3196 2835 3292 ir1'efi·agal)ilem
2877 3214 3130 3269 senten-

1033 3312 1237 3401 tiam,
1279 3311 1584 3380 inuicem
1622 3313 1731 3380 xel
1776 3314 1845 3379 in
1892 3314 2040 3408 ipsa
2095 3311 2513 3408 prudentia,
2567 3312 2963 3383 secuudum
2997 3337 3129 3409 pro-

1034 3427 1313 3524 phetas,
1352 3427 1457 3496 xel
1494 3428 1566 3495 iu
1602 3429 1927 3516 caritate,
1960 3429 2353 3498 sec-undum
2386 3430 2786 3522 theologOS,
2830 3453 3128 3500 connexa⁵

1031 3559 1101 3611 et
1129 3543 1477 3612 soederatae
1508 3597 1524 3630 ,
1570 3544 1660 3612 ita
1695 3544 1928 3637 quod,
1962 3546 2081 3638 qui
2118 3570 2339 3614 uuam
2371 3545 2609 3634 habet,
2644 3561 2927 3616 caeteras
2952 3546 3128 3614 etiam

1032 3657 1297 3729 habere
1355 3684 1520 3727 eum
1575 3685 1855 3728 necesse
1910 3660 2040 3746 sit3
2104 3677 2172 3730 et
2230 3661 2342 3729 cui
2395 3685 2535 3730 uua
2586 3661 2819 3752 deest,
2879 3659 3132 3754 reliquis

1034 3773 1247 3842 etiam
1285 3797 1588 3842 vacuum
1627 3799 1787 3842 eum
1826 3799 1973 3843 esse
2012 3800 2293 3844 necesse
2327 3790 2452 3843 est.
2502 3778 2799 3844 Rursum
2840 3804 2875 3842 α
2920 3775 3131 3844 sunda·

1034 3899 1356 3954 mentum
1393 3886 1672 3979 justitiae
1729 3886 1905 3956 fides
1948 3902 2043 3956 est
2092 3919 2121 3950 »
2172 3887 2566 3956 secuudum
2622 3889 3029 3957 Ciceronem
3074 3888 3129 3954 in

1032 4003 1173 4070 suis
1231 4002 1522 4072 Officiis.
1592 4003 1792 4072 Fides
1850 4019 2086 4074 autem
2138 4019 2273 4092 est,
2336 4002 2731 4074 secundum
2795 4005 2985 4099 quod
3038 4003 3131 4070 hic

1034 4116 1393 4211 loquimur
1459 4119 1546 4188 (le
1611 4119 1784 4207 tide,
1852 4120 2205 4190 dictortuu
2270 4121 2924 4216 promissorumque
2990 4145 3129 4190 con·

1033 4233 1287 4304 stantia
1327 4261 1342 4302 ε
1385 4234 1571 4306 dicta
1607 4235 1779 4305 tides
1848 4261 1933 4306 eo
1988 4236 2222 4332 quod,
2274 4238 2367 4308 ita
2403 4252 2477 4306 ut
2520 4237 2775 4308 dicitur
2804 4234 3126 4332 promitti·
