3400 5417
1228 527 1448 582 LIBER
1486 527 1787 585 PRIMUS.
2460 533 2576 589 285

435 671 600 728 tatae
627 671 700 727 et
721 655 1095 754 publicatae
1119 655 1478 750 videntur,
1504 685 1670 732 cum
1697 660 1802 732 eis
1824 684 1975 732 non
2006 661 2145 734 alia
2158 662 2335 735 fides
2357 688 2577 760 quam

431 773 894 873 praediximus
929 790 1350 870 servaretur,
1383 801 1603 874 quam
1636 792 1719 848 ut
1750 793 1982 850 essent
2010 779 2205 851 velut
2236 780 2578 877 decipulae

433 891 770 986 quaedam
798 905 923 964 aut
951 891 1220 989 pedicae
1253 892 1497 966 ad'eos
1527 894 2197 967 circumveniendos
2213 910 2285 967 et
2300 897 2580 993 capien-

432 1006 610 1100 dos,
652 1008 775 1104 qui
808 1007 1047 1079 minus
1070 1022 1275 1080 caute
1307 1023 1378 1080 et
1403 1010 1729 1082 consulte
1749 1011 1821 1081 in
1856 1011 2146 1083 easdem
2168 1011 2390 1110 pedes
2409 1037 2578 1084 suos

429 1124 844 1220 injicerent,
898 1125 1513 1222 quemadmodum
1563 1128 2055 1224 experimento
2087 1129 2219 1226 ipsi
2250 1127 2581 1226 probavi·

433 1265 602 1310 mus
623 1294 641 1331 ,
679 1240 805 1335 qui
835 1241 1142 1312 aliorum
1175 1241 1467 1334 adducti
1500 1242 1613 1313 vel
1645 1244 1849 1316 vanis
1884 1244 1998 1314 vel
2042 1245 2313 1316 dolosis
2358 1269 2578 1317 asser-

430 1352 782 1447 tionibuS,
802 1370 1067 1427 temere
1085 1382 1220 1428 nos
1240 1356 1508 1428 eisdem
1533 1355 1967 1430 duxeramus
1987 1360 2569 1432 committendos.

429 1470 655 1556 Quod
690 1485 762 1542 et
787 1471 965 1543 alios
987 1472 1251 1544 multos
1279 1473 1485 1566 tristi,
1524 1473 1713 1570 proh
1742 1473 1993 1546 dolor!
2035 1490 2106 1547 et
2136 1475 2575 1548 lamentabili

428 1588 653 1658 exitio
689 1589 1010 1662 similiter
1043 1591 1502 1689 comperiisse
1529 1593 2028 1688 cognovimus.

1158 1918 1673 1988 CAPITULUM
1723 1921 1847 1988 XI.

511 2121 590 2172 De
612 2117 695 2172 his
715 2137 832 2192 quae
854 2119 912 2173 in
940 2119 1078 2193 regis
1105 2122 1253 2176 curia
1279 2123 1550 2195 prosecuti
1571 2123 1791 2192 fuimus,
1813 2121 1987 2195 spatio
2014 2120 2223 2175 circiter
2254 2125 2512 2178 mensium

1377 2222 1628 2280 quatuor.

533 2397 672 2468 Sed
734 2421 883 2468 non
919 2421 1008 2470 eo
1056 2399 1331 2492 minus,
1384 2425 1552 2470 cum
1607 2399 1746 2471 tale
1788 2396 2001 2470 nobis
2051 2399 2573 2471 interventione

433 2513 702 2610 praesati
740 2513 968 2583 Baltce
1006 2513 1442 2587 beneficium
1474 2517 2012 2614 importaretur,
2053 2514 2291 2585 adhuc
2323 2516 2572 2612 persti-

432 2630 689 2720 timus,
733 2629 1206 2726 supplicando
1255 2646 1334 2701 ut
1370 2632 1617 2703 saltem
1647 2688 1666 2723 ,
1726 2632 1782 2701 si
1836 2655 1967 2702 nec
2029 2631 2102 2701 in
2164 2630 2458 2702 ecclesia
2503 2646 2573 2701 et

429 2745 724 2815 dioecesi
755 2759 1024 2835 nostra,
1055 2771 1186 2815 nec
1214 2747 1288 2815 in
1319 2745 1464 2817 ulla
1498 2747 1956 2843 portiuncula
1976 2746 2191 2815 totius
2224 2747 2573 2819 Norman-

435 2863 565 2932 niae
615 2862 938 2933 habitare
971 2863 1254 2949 liceret,
1311 2888 1446 2934 nos
1491 2864 1930 2960 permitteret
1966 2886 2089 2932 rex
2127 2863 2239 2932 vel
2277 2863 2351 2931 in
2403 2887 2573 2957 qua·

433 3002 743 3073 cumque
773 2978 911 3048 alia
947 2978 1148 3073 regni
1191 2991 1389 3073 parte
1424 2977 1861 3069 delitescere,
1898 2977 2027 3048 ubi
2060 2978 2574 3072 temperantior

431 3107 496 3163 et
535 3092 890 3163 salubrior
924 3092 1135 3162 nobis
1169 3117 1290 3162 aer
1313 3106 1383 3162 et
1414 3093 1678 3163 coelum
1709 3093 2128 3165 clementius
2154 3091 2566 3185 haberetur,

433 3232 652 3303 qnam
687 3210 758 3280 iu
794 3207 1066 3280 torrida
1101 3209 1217 3278 illa
1263 3209 1470 3306 plaga
1508 3208 1892 3279 Cataloniae
1916 3264 1933 3298 ,
1981 3209 2054 3278 in
2105 3233 2250 3302 qua
2283 3210 2572 3304 regione

435 3349 668 3420 neque
724 3326 1026 3395 domum
1067 3350 1298 3421 neque
1355 3341 1608 3395 notum
1655 3326 1967 3421 aliquem
2012 3349 2304 3420 prorsus
2357 3325 2574 3396 habe-

435 3467 698 3532 remuS,
752 3457 1000 3538 utpote
1036 3466 1203 3536 qum
1244 3443 1575 3512 trecentis
1625 3439 2049 3511 milliaribus
2097 3439 2457 3533 gallicanis
2503 3455 2571 3510 et

434 3584 477 3630 a
523 3560 686 3630 loco
731 3559 1112 3630 nativitatis
1146 3573 1215 3629 et
1250 3583 1292 3628 a
1326 3557 1588 3628 finibus
1633 3573 1891 3627 nostrae
1932 3556 2255 3627 dioecesis
2294 3571 2567 3627 remota

433 3690 612 3745 esset
647 3703 660 3742 :
691 3675 1066 3744 offerentes
1093 3698 1224 3770 pro
1253 3697 1514 3768 magno
1547 3697 1845 3744 munere
1876 3687 1945 3742 et
1972 3672 2195 3769 gratia
2222 3673 2562 3770 recipere,

431 3793 485 3861 si
515 3793 625 3862 vel
657 3791 837 3860 inter
863 3805 1219 3888 praerupta
1251 3805 1320 3859 et
1357 3789 1690 3886 scopulos
1717 3811 2050 3859 saxorum
2094 3789 2429 3858 Alverniae
2456 3791 2567 3858 vel

430 3908 822 3978 Delfinatus
856 3907 1066 3977 nobis
1103 3907 1356 4001 degere
1390 3930 1596 4002 posse
1643 3904 2182 3975 concederetur.
2228 3904 2330 3974 Ad
2369 3905 2565 3999 quod

429 4024 934 4114 obtinendum,
968 4025 1156 4114 licet,
1191 4048 1406 4118 quain
1439 4047 1807 4118 possemus
1830 4035 1896 4090 et
1924 4047 2052 4118 per
2075 4046 2567 4118 quoscumque

429 4166 836 4239 possemu5‚
881 4141 1272 4211 faceremus
1303 4139 1741 4228 instantiam,
1784 4138 1963 4207 nihil
2000 4152 2239 4208 tamen
2278 4139 2563 4234 penitus

431 4259 502 4327 in
544 4258 688 4328 hoc
725 4255 1074 4354 proficere
1115 4256 1501 4353 potuimus.
1546 4253 1685 4325 Sed
1722 4254 1959 4350 priore
1992 4277 2274 4349 semper
2303 4254 2561 4347 injecta
