3400 5417
1123 565 1344 670 Limen
1386 561 1688 626 PRIMUS.
2355 569 2461 628 251

345 697 520 768 dam
575 695 810 788 duxit,
877 697 1212 794 quatinus
1263 715 1546 769 morose
1609 699 1919 796 cogitare
1999 701 2332 773 vellemus
2385 703 2479 774 ad

343 811 816 910 praebendum
862 809 996 883 sibi
1037 813 1420 884 consilium
1443 868 1461 905 ,
1500 811 1933 911 quibusnam
1978 816 2232 887 mediis
2266 831 2478 915 atque

343 934 481 1005 viis
515 933 608 1006 ad
641 929 816 1004 illud
852 956 1062 1004 suum
1095 934 1298 1031 pium
1335 929 1802 1027 desiderium,
1844 935 2047 1032 juxta
2083 935 2281 1033 quod
2314 963 2479 1011 eum

343 1047 910 1122 adhortabamur
929 1105 948 1142 ,
988 1047 1528 1148 adimplendum
1561 1061 1631 1122 et
1665 1049 2183 1150 perficiendum
2222 1075 2484 1152 oppor-

342 1166 592 1236 tunius
642 1180 855 1262 atque
907 1165 1159 1236 melius
1219 1177 1458 1263 posset
1525 1167 1923 1264 pervenire.
2000 1165 2280 1254 Quibus
2339 1169 2481 1240 suis

342 1280 561 1353 illecti
609 1279 1112 1378 exhilaratique
1167 1281 1616 1355 sermonibus
1662 1282 1950 1381 optimis
1969 1337 1989 1374 ‚
2040 1283 2293 1377 gratias
2318 1287 2481 1355 Deo

343 1396 735 1497 agebamus
777 1408 930 1469 toto
968 1397 1185 1469 corde
1221 1397 1420 1496 quod
1471 1400 1535 1470 ei
1577 1413 1725 1470 tam
1768 1409 2094 1470 sanctum
2139 1401 2482 1498 piumque

341 1513 800 1611 propositum
847 1511 1292 1610 inspirasset,
1351 1512 1546 1584 unde
1592 1513 1724 1584 toti
1760 1534 1979 1609 regno
2028 1528 2100 1584 et
2146 1514 2483 1587 omnibus

345 1627 673 1721 ejusdem
719 1630 979 1701 accolis
1032 1641 1240 1702 tantae
1294 1641 1367 1700 et
1415 1641 1563 1700 tam
1612 1626 2113 1701 desiderabiles
2156 1627 2485 1703 utilitates

345 1757 498 1814 tam
517 1741 802 1840 publice
829 1767 1047 1842 quam
1074 1745 1403 1842 privatim
1421 1757 1872 1843 proventurae
1900 1760 2170 1817 essent:
2197 1762 2484 1819 orantes

343 1861 586 1930 Deum
629 1884 796 1930 cum
845 1860 1044 1931 omni
1096 1859 1515 1950 devotione,
1560 1873 1639 1931 ut
1697 1873 1845 1932 tarn
1903 1860 2260 1934 laudabile
2314 1887 2485 1960 pro-

345 1975 662 2074 positum
701 1973 776 2046 in
825 2000 913 2048 eo
967 1999 1388 2049 conservare
1439 1992 1508 2046 et
1565 1975 1658 2048 ad
1710 1976 1985 2047 felicem
2037 1993 2107 2048 et
2161 1993 2484 2076 optatum

343 2089 682 2162 effectum
736 2091 1123 2189 perducere
1189 2116 1315 2163 sua
1371 2091 1821 2164 miseratione
1896 2090 2030 2162 sibi
2092 2094 2484 2166 concedere

345 2205 785 2301 dignaretur.
840 2211 926 2278 Et
969 2207 1133 2278 licet
1176 2208 1406 2304 prima
1449 2208 1664 2300 facie,
1706 2207 1798 2279 ad
1832 2221 2044 2279 tantae
2086 2208 2185 2278 rei
2216 2210 2484 2281 molem

345 2321 802 2395 subeundam
867 2323 1104 2394 minus
1180 2321 1482 2394 idoneos
1541 2337 1610 2393 et
1673 2321 2099 2393 sufficientes
2151 2347 2298 2393 esse
2356 2349 2485 2395 nos

345 2437 712 2509 humiliter
773 2438 1212 2528 excusando,
1288 2439 1636 2536 plurimos
1696 2462 1870 2508 vero
1928 2435 2253 2509 subditos
2298 2441 2486 2511 viros

347 2556 702 2651 sapientes
734 2569 804 2626 et
833 2553 1218 2654 prudentes
1254 2553 1518 2625 habere
1567 2577 1642 2624 se
1684 2554 1758 2623 in
1789 2577 2010 2648 regno
2050 2553 2476 2648 diceremuS,

348 2670 476 2765 qui
511 2695 724 2766 super
766 2670 878 2742 his
933 2668 1183 2762 rebuS,
1237 2671 1295 2740 si
1346 2669 1715 2765 exquirere
1768 2669 1860 2740 ab
1898 2671 1996 2739 eis
2044 2669 2476 2765 dignaretur,

349 2783 814 2858 saluberrima
843 2787 1137 2858 consilia
1166 2803 1233 2857 et
1276 2785 1682 2857 fidelissima
1716 2785 1918 2857 facile
1947 2785 2117 2857 dare
2153 2803 2477 2884 possent,

349 2902 566 2973 nobis
625 2919 899 2995 tamen,
947 2901 1412 3001 imprecando
1470 2904 1668 2996 licet,
1736 2905 2039 3000 injunxit
2096 2919 2175 2974 ut
2224 2928 2485 2976 munus

348 3019 851 3116 hujuscemodi
885 3015 1100 3090 dandi
1139 3019 1272 3090 sibi
1306 3019 1581 3089 consilii
1614 3019 2039 3091 subiremus.
2081 3021 2296 3107 Quod
2334 3038 2482 3092 esto

351 3140 592 3208 minus
640 3137 898 3208 idonee
934 3162 1063 3207 nec
1107 3138 1270 3207 satis
1303 3138 1553 3233 digne,
1614 3162 1747 3234 pro
1800 3140 1901 3208 rei
1957 3136 2479 3232 magnitudine,

353 3277 490 3322 nos
531 3275 738 3350 posse
772 3251 997 3324 facere
1032 3251 1566 3349 profiteremur,
1603 3267 1844 3323 tamen
1880 3254 2048 3348 quia
2085 3266 2292 3322 tanta*
2327 3279 2482 3324 ma-

343 3369 614 3464 jestatis
669 3383 880 3464 atque
945 3368 1303 3464 dignitatis
1359 3370 1488 3439 viri
1545 3394 1789 3466 preces
1830 3370 2083 3438 merito
2134 3393 2266 3464 pro
2319 3368 2483 3462 jus-

350 3485 555 3554 sione
610 3485 929 3581 accipere
989 3482 1474 3576 debebamuS,
1531 3507 1663 3581 pro
1720 3483 2142 3554 obedientiae
2197 3480 2476 3575 debito,

350 3600 562 3670 simul
599 3603 812 3671 ctiam
847 3626 932 3670 ex
967 3601 1253 3672 ferventi
1288 3599 1598 3671 caritatis
1633 3602 1785 3671 zelo
1822 3615 1889 3670 et
1918 3601 2271 3670 viscerosa
2293 3623 2485 3668 com-

350 3717 682 3813 passione
706 3774 724 3807 ,
763 3741 978 3812 quam
1018 3717 1332 3789 donante
1369 3720 1496 3787 Dei
1545 3716 2030 3788 misericordia
2066 3715 2159 3786 ad
2192 3716 2485 3785 miseros

352 3833 514 3902 illos
555 3847 625 3900 et
657 3831 1107 3902 calamitosos
1158 3831 1464 3929 populos
1513 3833 1709 3926 regni
1749 3857 2027 3928 semper
2065 3830 2478 3920 habuimuS,

351 3947 658 4017 libenter
712 3947 803 4018 ad
863 3948 1240 4018 consilium
1299 3972 1508 4044 super
1564 3946 1913 4044 prtrdictis
1961 3946 2301 4041 majestati
2344 3971 2483 4014 sua*

355 4061 657 4132 fideliter
715 4063 1189 4158 praestandum
1224 4088 1517 4160 operam
1561 4061 1890 4132 dedimus
1925 4091 1939 4150 ;
1992 4088 2123 4132 nec
2161 4061 2481 4132 laborem

356 4176 622 4266 ullum,
681 4175 872 4247 unde
929 4193 1166 4248 tantus
1217 4179 1482 4274 sperari
1527 4193 1763 4275 posset
1814 4192 2286 4273 proventurus
2336 4201 2483 4245 esse

359 4293 658 4384 fructuS,
692 4309 1041 4388 quantum
1087 4320 1168 4365 ex
1199 4293 1432 4364 verbis
1470 4310 1539 4364 et
1581 4293 2029 4364 sermonibus
2072 4295 2247 4380 suiS,
2288 4293 2480 4386 quod
