3400 5417
1028 491 1248 551 LIBER
1287 483 1587 552 PRIMUS.
2256 493 2374 552 29⁸

255 643 410 698 rum
465 627 931 698 dominorum
985 624 1286 696 vinculis
1346 624 1849 718 innectuntur,
1905 641 2069 697 cum
2134 647 2375 698 revera

255 742 444 814 nulla
469 754 655 815 esset
688 741 945 837 gratia,
982 739 1108 812 sed
1151 741 1387 812 verius
1437 740 1531 812 ab
1581 742 1842 836 injuria
1869 799 1888 834 ‚
1945 756 2017 814 et
2048 741 2381 845 equidem

255 857 708 955 gravissima,
751 881 838 929 ex
883 870 1086 956 parte
1140 857 1464 930 cessatio.
1517 860 1697 928 Nam
1742 858 1944 955 juxta
1994 880 2078 930 ea
2128 882 2286 956 quae
2341 875 2385 931 a

253 972 459 1045 nobis
491 993 709 1072 supra
739 972 950 1045 latius
997 973 1345 1046 recensita
1387 983 1578 1061 sunt,
1627 971 1903 1044 nullam
1948 994 2263 1071 unquam
2306 967 2383 1044 in

252 1109 412 1162 eum
462 1089 942 1162 offensionem
983 1087 1500 1160 rationabiliter
1539 1087 1682 1158 dici
1715 1110 2095 1186 possumus
2130 1089 2389 1184 injuria

254 1206 639 1279 admisisse.
673 1207 816 1292 Qui
847 1207 904 1277 si
933 1207 994 1300 ej
1006 1231 1086 1277 us
1118 1228 1459 1302 germano
1484 1228 1950 1303 parueramus
1980 1213 2103 1277 aut
2136 1207 2393 1277 servie-

253 1343 488 1395 ramus
514 1377 535 1414 ,
571 1334 956 1421 postquam
989 1323 1223 1395 eidem
1258 1320 1600 1392 ducatum
1648 1325 1721 1392 et
1775 1321 2159 1419 imperium
2214 1325 2391 1393 Nor-

253 1439 556 1512 manniae
617 1439 1041 1532 tradiderat,
1097 1437 1578 1536 omnibusque·
1621 1437 1925 1534 praelatis
1951 1493 1969 1529 ,
2022 1435 2389 1509 nobilibus

252 1571 319 1628 et
349 1556 618 1626 caeteris
657 1555 1044 1652 provinciae
1072 1555 1359 1645 accolis,
1401 1569 1484 1626 ut
1519 1551 1756 1624 eidem
1793 1567 2128 1651 parerent
2162 1569 2233 1624 et
2258 1554 2391 1625 ho-

252 1672 451 1742 minii
471 1685 687 1767 atque
709 1669 1067 1741 fidelitatis
1087 1671 1494 1766 juramenta
1512 1681 1953 1768 praestarent,
1983 1666 2393 1767 patentibus

249 1789 388 1860 suis
433 1789 683 1859 litteris
724 1787 1137 1859 solemniter
1189 1812 1321 1884 per
1379 1799 1606 1858 totam
1652 1787 2103 1883 provinciam
2155 1774 2394 1884 publi-

252 1906 419 1976 catis
459 1905 960 1992 mandaverat,
1009 1904 1302 1975 eosdem
1339 1902 1432 1975 ab
1477 1902 1591 1974 his
1624 1927 1782 1998 quae
1836 1901 1972 1972 sibi
2022 1899 2389 1976 debebant

250 2037 369 2085 seu
421 2015 892 2111 praestiterant
943 2011 1431 2105 absolvendo,
1487 2012 1664 2083 nihil
1711 2009 2018 2110 proinde
2073 2012 2390 2082 criminis

251 2129 612 2202 admisisse
639 2183 658 2220 ‚
719 2129 1000 2201 nullum
1037 2130 1267 2200 scelus
1307 2142 1749 2227 perpetrasse
1793 2127 1952 2222 jure
1988 2129 2391 2225 meritoque

252 2247 519 2317 censeri
554 2245 965 2318 debuimus,
1007 2247 1210 2340 Atqui
1245 2245 1571 2342 profecto
1607 2268 1858 2315 recens
1907 2264 2060 2313 non
2107 2257 2210 2316 est
2263 2257 2383 2335 ut,

253 2360 864 2457 quemadmodum
981 2365 986 2372 '

450 2541 693 2630 Saepius
724 2539 1004 2605 oderunt
1035 2563 1212 2630 reges
1243 2537 1412 2604 dicta
1444 2561 1587 2628 quae
1619 2538 1745 2604 dici
1767 2539 2022 2624 jubent,

257 2738 398 2784 non
455 2714 674 2785 etiam
732 2709 1166 2782 dissimiliter
1223 2707 1510 2780 oderint
1566 2721 1781 2805 atque
1844 2711 2151 2807 puniant
2208 2711 2391 2783 sacta

255 2853 403 2926 quae
434 2829 591 2903 fieri
618 2829 1004 2924 jusserunt.

345 2946 481 3019 Sed
515 2961 587 3016 et
619 2959 772 3017 esto
808 2942 1006 3040 quod
1041 2944 1153 3014 vel
1183 2969 1267 3014 ex
1295 2941 1715 3040 hujusmodi
1741 2940 2154 3014 obedientia
2179 2957 2393 3038 atque

255 3065 537 3134 servitio
593 3062 788 3132 fratri
839 3084 970 3131 suo
1019 3059 1391 3150 exhibitis,
1451 3073 1576 3130 aut
1616 3060 1769 3129 aliis
1819 3058 2392 3156 quibuscumque

255 3181 503 3269 causis,
549 3178 624 3246 in
682 3202 848 3248 eum
905 3177 1205 3246 crimina
1263 3175 1813 3270 qualiacumque
1867 3172 2395 3245 admisissemus

256 3295 384 3364 sub
419 3294 801 3366 occasione
830 3292 940 3363 vel
971 3306 1309 3388 praetextu
1337 3292 1652 3361 civilium
1683 3290 2209 3360 dissensionum
2237 3314 2395 3384 quae

257 3409 526 3482 obortae
558 3410 836 3480 fuerant
867 3410 1054 3478 iuter
1097 3409 1333 3504 ipsum
1379 3422 1450 3477 et
1489 3431 1696 3477 suum
1739 3429 2159 3500 germanum
2194 3417 2393 3476 caete·

259 3551 513 3622 rosque
548 3525 903 3623 principes
931 3524 992 3592 ei
1021 3523 1464 3594 adhaerentes
1498 3536 1713 3618 atque
1753 3520 2132 3624 foederatos
2162 3535 2396 3590 :certe

259 3657 417 3738 post
464 3642 724 3712 totiens
762 3639 978 3711 factas
1023 3652 1094 3709 et
1144 3639 1368 3708 editas
1424 3639 1786 3731 generales
1845 3625 2225 3708 amnestlas
2274 3663 2392 3707 seu

260 3755 682 3826 abolitiones
715 3769 784 3825 et
823 3780 948 3851 per
983 3768 1212 3823 totum
1249 3776 1549 3845 regnum
1581 3753 1838 3821 totiens
1873 3747 2298 3822 tubicinatas
2331 3767 2400 3822 et

261 3873 767 3967 praeconizatas
827 3872 896 3939 in
949 3871 1096 3940 vim
1151 3883 1220 3938 et
1276 3866 1497 3936 robur
1556 3868 1897 3961 regalium
1956 3866 2392 3957 edictorum,

261 4010 414 4079 qua·
455 4002 603 4057 tam
639 3987 1035 4080 gene1·ale5‚
1092 3997 1236 4055 tam
1291 3982 1620 4078 plenariae.
1653 4037 1670 4068 ,
1733 3999 1877 4053 tam
1932 4008 2271 4080 expressa·
2334 3995 2402 4050 et

264 4101 601 4171 absolutae
651 4116 887 4190 erant,
945 4100 1206 4194 siquid
1254 4100 1326 4168 in
1365 4123 1452 4167 eo
1485 4100 1835 4191 veritatiS,
1878 4099 1933 4168 si
1974 4097 2149 4193 quid
2198 4096 2396 4186 fidei,

262 4216 314 4284 si
354 4215 529 4310 quid
580 4214 881 4311 pudoris
916 4228 1066 4285 erat
1117 4215 1226 4283 vel
1276 4213 1778 4300 liumanitati5‚
1818 4213 2017 4282 nullo
2052 4211 2275 4280 modo
2310 4209 2403 4278 ab
