<?xml version="1.0" encoding="UTF-8"?>
<!DOCTYPE html PUBLIC "-//W3C//DTD XHTML 1.0 Transitional//EN"
    "http://www.w3.org/TR/xhtml1/DTD/xhtml1-transitional.dtd">
<html xmlns="http://www.w3.org/1999/xhtml" xml:lang="en" lang="en">
 <head>
  <title>
</title>
<meta http-equiv="Content-Type" content="text/html;charset=utf-8" />
  <meta name='ocr-system' content='tesseract 3.04.00' />
  <meta name='ocr-capabilities' content='ocr_page ocr_carea ocr_par ocr_line ocrx_word'/>
</head>
<body>
  <div class='ocr_page' id='page_1' title='image "./histoiredesrgne00unkngoog_0402.png"; bbox 0 0 3400 5417; ppageno 0'>
   <div class='ocr_carea' id='block_1_1' title="bbox 916 518 2171 589">
    <p class='ocr_par' dir='ltr' id='par_1_1' title="bbox 916 518 2171 589">
     <span class='ocr_line' id='line_1_1' title="bbox 916 518 2171 589; baseline -0.006 -6"><span class='ocrx_word' id='word_1_1' title='bbox 916 524 1031 583; x_wconf 71' lang='lat'>358</span> <span class='ocrx_word' id='word_1_2' title='bbox 1753 518 2138 577; x_wconf 73' lang='lat' dir='ltr'>APOLOGIA</span> <span class='ocrx_word' id='word_1_3' title='bbox 2153 560 2171 589; x_wconf 92' lang='lat'>,</span> 
     </span>
    </p>
   </div>
   <div class='ocr_carea' id='block_1_2' title="bbox 908 651 3070 4337">
    <p class='ocr_par' dir='ltr' id='par_1_2' title="bbox 908 651 3070 4337">
     <span class='ocr_line' id='line_1_2' title="bbox 913 651 3070 750; baseline -0.003 -19"><span class='ocrx_word' id='word_1_4' title='bbox 913 656 1173 731; x_wconf 91' lang='lat' dir='ltr'>talibus</span> <span class='ocrx_word' id='word_1_5' title='bbox 1203 656 1597 743; x_wconf 89' lang='lat' dir='ltr'>honorum,</span> <span class='ocrx_word' id='word_1_6' title='bbox 1652 653 2086 748; x_wconf 83' lang='lat' dir='ltr'><strong>dignitatum</strong></span> <span class='ocrx_word' id='word_1_7' title='bbox 2124 667 2249 724; x_wconf 90' lang='lat' dir='ltr'>aut</span> <span class='ocrx_word' id='word_1_8' title='bbox 2295 652 2764 750; x_wconf 85' lang='lat' dir='ltr'>imperiorum</span> <span class='ocrx_word' id='word_1_9' title='bbox 2803 651 3070 725; x_wconf 88' lang='lat' dir='ltr'>culmi-</span> 
     </span>
     <span class='ocr_line' id='line_1_3' title="bbox 909 768 3068 870; baseline -0.004 -22"><span class='ocrx_word' id='word_1_10' title='bbox 909 774 1123 848; x_wconf 87' lang='lat' dir='ltr'>nibus</span> <span class='ocrx_word' id='word_1_11' title='bbox 1150 773 1405 870; x_wconf 88' lang='lat' dir='ltr'>dejecti</span> <span class='ocrx_word' id='word_1_12' title='bbox 1433 771 1749 863; x_wconf 86' lang='lat' dir='ltr'>fuerunt,</span> <span class='ocrx_word' id='word_1_13' title='bbox 1788 770 1900 842; x_wconf 83' lang='lat' dir='ltr'>vel</span> <span class='ocrx_word' id='word_1_14' title='bbox 1924 770 2195 842; x_wconf 91' lang='lat' dir='ltr'>eisdem</span> <span class='ocrx_word' id='word_1_15' title='bbox 2217 784 2474 869; x_wconf 87' lang='lat' dir='ltr'>sponte</span> <span class='ocrx_word' id='word_1_16' title='bbox 2505 768 2870 861; x_wconf 79' lang='lat' dir='ltr'>cedenoeS,</span> <span class='ocrx_word' id='word_1_17' title='bbox 2905 794 3068 841; x_wconf 89' lang='lat' dir='ltr'>mo-</span> 
     </span>
     <span class='ocr_line' id='line_1_4' title="bbox 912 882 3063 984; baseline -0.003 -21"><span class='ocrx_word' id='word_1_18' title='bbox 912 890 1356 964; x_wconf 81' lang='lat' dir='ltr'>lestissimam</span> <span class='ocrx_word' id='word_1_19' title='bbox 1386 885 1681 983; x_wconf 90' lang='lat' dir='ltr'>regendi</span> <span class='ocrx_word' id='word_1_20' title='bbox 1713 886 2068 958; x_wconf 84' lang='lat' dir='ltr'>sarcinam</span> <span class='ocrx_word' id='word_1_21' title='bbox 2101 882 2468 984; x_wconf 84' lang='lat' dir='ltr'>deponere</span> <span class='ocrx_word' id='word_1_22' title='bbox 2501 885 2938 977; x_wconf 86' lang='lat' dir='ltr'>maluerunt,</span> <span class='ocrx_word' id='word_1_23' title='bbox 2976 911 3063 957; x_wconf 85' lang='lat' dir='ltr'>ex</span> 
     </span>
     <span class='ocr_line' id='line_1_5' title="bbox 912 998 3064 1100; baseline -0.002 -24"><span class='ocrx_word' id='word_1_24' title='bbox 912 1002 1174 1077; x_wconf 87' lang='lat' dir='ltr'>talibus</span> <span class='ocrx_word' id='word_1_25' title='bbox 1207 1003 1505 1095; x_wconf 81' lang='lat' dir='ltr'>eventiS,</span> <span class='ocrx_word' id='word_1_26' title='bbox 1538 1001 1741 1100; x_wconf 93' lang='lat' dir='ltr'>quod</span> <span class='ocrx_word' id='word_1_27' title='bbox 1785 1000 2002 1071; x_wconf 89' lang='lat' dir='ltr'>tantis</span> <span class='ocrx_word' id='word_1_28' title='bbox 2037 998 2382 1071; x_wconf 90' lang='lat' dir='ltr'>oneribus</span> <span class='ocrx_word' id='word_1_29' title='bbox 2420 1013 2492 1071; x_wconf 92' lang='lat' dir='ltr'>et</span> <span class='ocrx_word' id='word_1_30' title='bbox 2525 999 2717 1070; x_wconf 86' lang='lat' dir='ltr'>curis</span> <span class='ocrx_word' id='word_1_31' title='bbox 2749 1000 3064 1099; x_wconf 87' lang='lat' dir='ltr'>exempti</span> 
     </span>
     <span class='ocr_line' id='line_1_6' title="bbox 913 1115 3064 1215; baseline -0.002 -22"><span class='ocrx_word' id='word_1_32' title='bbox 913 1120 1185 1215; x_wconf 88' lang='lat' dir='ltr'>forent,</span> <span class='ocrx_word' id='word_1_33' title='bbox 1220 1121 1457 1192; x_wconf 87' lang='lat' dir='ltr'>felices</span> <span class='ocrx_word' id='word_1_34' title='bbox 1490 1144 1565 1191; x_wconf 92' lang='lat' dir='ltr'>se</span> <span class='ocrx_word' id='word_1_35' title='bbox 1598 1142 1683 1191; x_wconf 89' lang='lat' dir='ltr'>ac</span> <span class='ocrx_word' id='word_1_36' title='bbox 1716 1115 1970 1189; x_wconf 89' lang='lat' dir='ltr'>beatos</span> <span class='ocrx_word' id='word_1_37' title='bbox 2013 1130 2461 1215; x_wconf 86' lang='lat' dir='ltr'>reputarunt.</span> <span class='ocrx_word' id='word_1_38' title='bbox 2502 1116 2686 1187; x_wconf 89' lang='lat' dir='ltr'>Hinc</span> <span class='ocrx_word' id='word_1_39' title='bbox 2721 1130 2834 1187; x_wconf 91' lang='lat' dir='ltr'>est</span> <span class='ocrx_word' id='word_1_40' title='bbox 2863 1116 3064 1213; x_wconf 90' lang='lat' dir='ltr'>quod</span> 
     </span>
     <span class='ocr_line' id='line_1_7' title="bbox 910 1231 3065 1334; baseline -0.003 -24"><span class='ocrx_word' id='word_1_41' title='bbox 910 1239 1211 1334; x_wconf 89' lang='lat' dir='ltr'>legimus</span> <span class='ocrx_word' id='word_1_42' title='bbox 1244 1234 1635 1333; x_wconf 90' lang='lat' dir='ltr'>aliquando</span> <span class='ocrx_word' id='word_1_43' title='bbox 1680 1258 1882 1329; x_wconf 89' lang='lat' dir='ltr'>reges</span> <span class='ocrx_word' id='word_1_44' title='bbox 1913 1257 1998 1306; x_wconf 90' lang='lat' dir='ltr'>ac</span> <span class='ocrx_word' id='word_1_45' title='bbox 2033 1233 2502 1332; x_wconf 88' lang='lat' dir='ltr'>imperatores</span> <span class='ocrx_word' id='word_1_46' title='bbox 2542 1231 3065 1331; x_wconf 64' lang='lat' dir='ltr'>pontificesque</span> 
     </span>
     <span class='ocr_line' id='line_1_8' title="bbox 908 1348 3066 1447; baseline -0.002 -20"><span class='ocrx_word' id='word_1_47' title='bbox 908 1355 1261 1426; x_wconf 82' lang='lat' dir='ltr'>maximos</span> <span class='ocrx_word' id='word_1_48' title='bbox 1327 1376 1413 1424; x_wconf 91' lang='lat' dir='ltr'>ac</span> <span class='ocrx_word' id='word_1_49' title='bbox 1464 1350 1947 1425; x_wconf 88' lang='lat' dir='ltr'>sanctissimos</span> <span class='ocrx_word' id='word_1_50' title='bbox 2004 1364 2262 1447; x_wconf 87' lang='lat' dir='ltr'>sponte</span> <span class='ocrx_word' id='word_1_51' title='bbox 2321 1350 2538 1421; x_wconf 85' lang='lat' dir='ltr'>tantis</span> <span class='ocrx_word' id='word_1_52' title='bbox 2597 1348 3066 1445; x_wconf 70' lang='lat' dir='ltr'><strong>dignitatibus</strong></span> 
     </span>
     <span class='ocr_line' id='line_1_9' title="bbox 911 1464 3066 1563; baseline -0.002 -22"><span class='ocrx_word' id='word_1_53' title='bbox 911 1468 1224 1560; x_wconf 82' lang='lat' dir='ltr'>cessisse,</span> <span class='ocrx_word' id='word_1_54' title='bbox 1284 1480 1356 1538; x_wconf 91' lang='lat' dir='ltr'>et</span> <span class='ocrx_word' id='word_1_55' title='bbox 1388 1489 1636 1538; x_wconf 90' lang='lat' dir='ltr'>amore</span> <span class='ocrx_word' id='word_1_56' title='bbox 1678 1465 1805 1536; x_wconf 91' lang='lat' dir='ltr'>otii</span> <span class='ocrx_word' id='word_1_57' title='bbox 1851 1479 1926 1536; x_wconf 91' lang='lat' dir='ltr'>et</span> <span class='ocrx_word' id='word_1_58' title='bbox 1961 1464 2392 1537; x_wconf 66' lang='lat' dir='ltr'>suavissimae</span> <span class='ocrx_word' id='word_1_59' title='bbox 2433 1464 3066 1563; x_wconf 82' lang='lat' dir='ltr'>contemplationis</span> 
     </span>
     <span class='ocr_line' id='line_1_10' title="bbox 914 1578 3067 1677; baseline -0.002 -21"><span class='ocrx_word' id='word_1_60' title='bbox 914 1583 1306 1657; x_wconf 80' lang='lat' dir='ltr'>solitariam</span> <span class='ocrx_word' id='word_1_61' title='bbox 1355 1583 1575 1653; x_wconf 84' lang='lat' dir='ltr'>vitam</span> <span class='ocrx_word' id='word_1_62' title='bbox 1624 1581 1914 1676; x_wconf 85' lang='lat' dir='ltr'>elegisse</span> <span class='ocrx_word' id='word_1_63' title='bbox 1933 1633 1954 1672; x_wconf 90' lang='lat'>,</span> <span class='ocrx_word' id='word_1_64' title='bbox 2010 1605 2158 1677; x_wconf 91' lang='lat' dir='ltr'>quo</span> <span class='ocrx_word' id='word_1_65' title='bbox 2174 1635 2194 1670; x_wconf 87' lang='lat'>,</span> <span class='ocrx_word' id='word_1_66' title='bbox 2249 1578 2737 1677; x_wconf 84' lang='lat' dir='ltr'>tranquillius,</span> <span class='ocrx_word' id='word_1_67' title='bbox 2787 1579 3067 1652; x_wconf 82' lang='lat' dir='ltr'>dulcius</span> 
     </span>
     <span class='ocr_line' id='line_1_11' title="bbox 909 1694 3064 1798; baseline -0.002 -25"><span class='ocrx_word' id='word_1_68' title='bbox 909 1717 1125 1798; x_wconf 88' lang='lat' dir='ltr'>atque</span> <span class='ocrx_word' id='word_1_69' title='bbox 1165 1697 1474 1794; x_wconf 87' lang='lat' dir='ltr'>quietius</span> <span class='ocrx_word' id='word_1_70' title='bbox 1505 1698 1822 1768; x_wconf 90' lang='lat' dir='ltr'>Domino</span> <span class='ocrx_word' id='word_1_71' title='bbox 1859 1696 2310 1787; x_wconf 83' lang='lat' dir='ltr'>famulantes,</span> <span class='ocrx_word' id='word_1_72' title='bbox 2357 1696 2620 1768; x_wconf 89' lang='lat' dir='ltr'>arctius</span> <span class='ocrx_word' id='word_1_73' title='bbox 2651 1710 2728 1767; x_wconf 92' lang='lat' dir='ltr'>et</span> <span class='ocrx_word' id='word_1_74' title='bbox 2772 1694 3064 1769; x_wconf 83' lang='lat' dir='ltr'>familia·</span> 
     </span>
     <span class='ocr_line' id='line_1_12' title="bbox 908 1811 3064 1911; baseline -0.002 -23"><span class='ocrx_word' id='word_1_75' title='bbox 908 1817 1056 1888; x_wconf 88' lang='lat' dir='ltr'>rius</span> <span class='ocrx_word' id='word_1_76' title='bbox 1086 1814 1153 1886; x_wconf 89' lang='lat' dir='ltr'>ei</span> <span class='ocrx_word' id='word_1_77' title='bbox 1200 1837 1328 1911; x_wconf 89' lang='lat' dir='ltr'>per</span> <span class='ocrx_word' id='word_1_78' title='bbox 1361 1811 1824 1909; x_wconf 88' lang='lat' dir='ltr'>purissimum</span> <span class='ocrx_word' id='word_1_79' title='bbox 1867 1835 2194 1883; x_wconf 90' lang='lat' dir='ltr'>amorem</span> <span class='ocrx_word' id='word_1_80' title='bbox 2233 1811 2664 1883; x_wconf 66' lang='lat' dir='ltr'>inhaererent</span> <span class='ocrx_word' id='word_1_81' title='bbox 2709 1826 2938 1909; x_wconf 87' lang='lat' dir='ltr'>atque</span> <span class='ocrx_word' id='word_1_82' title='bbox 2983 1836 3064 1883; x_wconf 84' lang='lat' dir='ltr'>eo</span> 
     </span>
     <span class='ocr_line' id='line_1_13' title="bbox 909 1927 3068 2031; baseline -0.003 -26"><span class='ocrx_word' id='word_1_83' title='bbox 909 1929 1484 2031; x_wconf 85' lang='lat' dir='ltr'>quodammod0‚</span> <span class='ocrx_word' id='word_1_84' title='bbox 1519 1942 1872 2025; x_wconf 91' lang='lat' dir='ltr'>quantum</span> <span class='ocrx_word' id='word_1_85' title='bbox 1903 1927 2057 1998; x_wconf 87' lang='lat' dir='ltr'>haec</span> <span class='ocrx_word' id='word_1_86' title='bbox 2099 1927 2492 1999; x_wconf 84' lang='lat' dir='ltr'>mortalitas</span> <span class='ocrx_word' id='word_1_87' title='bbox 2539 1927 2835 2026; x_wconf 88' lang='lat' dir='ltr'>patitur,</span> <span class='ocrx_word' id='word_1_88' title='bbox 2887 1927 3068 1999; x_wconf 70' lang='lat' dir='ltr'>frue-</span> 
     </span>
     <span class='ocr_line' id='line_1_14' title="bbox 913 2044 3066 2141; baseline -0.001 -22"><span class='ocrx_word' id='word_1_89' title='bbox 913 2062 1202 2137; x_wconf 90' lang='lat' dir='ltr'>rentur;</span> <span class='ocrx_word' id='word_1_90' title='bbox 1237 2046 1415 2118; x_wconf 89' lang='lat' dir='ltr'>alios</span> <span class='ocrx_word' id='word_1_91' title='bbox 1444 2069 1641 2131; x_wconf 88' lang='lat' dir='ltr'>vero,</span> <span class='ocrx_word' id='word_1_92' title='bbox 1675 2045 1800 2140; x_wconf 93' lang='lat' dir='ltr'>qui</span> <span class='ocrx_word' id='word_1_93' title='bbox 1837 2044 1949 2115; x_wconf 87' lang='lat' dir='ltr'>vel</span> <span class='ocrx_word' id='word_1_94' title='bbox 1985 2044 2287 2115; x_wconf 84' lang='lat' dir='ltr'>fortunae</span> <span class='ocrx_word' id='word_1_95' title='bbox 2310 2044 2425 2115; x_wconf 86' lang='lat' dir='ltr'>vel</span> <span class='ocrx_word' id='word_1_96' title='bbox 2449 2058 2935 2141; x_wconf 84' lang='lat' dir='ltr'>tyrannorum</span> <span class='ocrx_word' id='word_1_97' title='bbox 2958 2044 3066 2116; x_wconf 78' lang='lat' dir='ltr'>vel</span> 
     </span>
     <span class='ocr_line' id='line_1_15' title="bbox 910 2158 3068 2259; baseline -0.001 -23"><span class='ocrx_word' id='word_1_98' title='bbox 910 2163 1396 2259; x_wconf 87' lang='lat' dir='ltr'>ingruentium</span> <span class='ocrx_word' id='word_1_99' title='bbox 1432 2160 2014 2259; x_wconf 88' lang='lat' dir='ltr'>persecutionum</span> <span class='ocrx_word' id='word_1_100' title='bbox 2049 2160 2392 2232; x_wconf 84' lang='lat' dir='ltr'>violentia</span> <span class='ocrx_word' id='word_1_101' title='bbox 2431 2158 2526 2233; x_wconf 85' lang='lat' dir='ltr'>ab</span> <span class='ocrx_word' id='word_1_102' title='bbox 2567 2160 2892 2258; x_wconf 88' lang='lat' dir='ltr'>imperiis</span> <span class='ocrx_word' id='word_1_103' title='bbox 2929 2162 3068 2233; x_wconf 88' lang='lat' dir='ltr'>suis</span> 
     </span>
     <span class='ocr_line' id='line_1_16' title="bbox 916 2274 3067 2351; baseline -0.001 0"><span class='ocrx_word' id='word_1_104' title='bbox 916 2280 1030 2351; x_wconf 87' lang='lat' dir='ltr'>vel</span> <span class='ocrx_word' id='word_1_105' title='bbox 1093 2278 1555 2351; x_wconf 90' lang='lat' dir='ltr'>ecclesiarum</span> <span class='ocrx_word' id='word_1_106' title='bbox 1628 2274 2372 2348; x_wconf 87' lang='lat' dir='ltr'>administrationibus</span> <span class='ocrx_word' id='word_1_107' title='bbox 2436 2290 2508 2347; x_wconf 90' lang='lat' dir='ltr'>et</span> <span class='ocrx_word' id='word_1_108' title='bbox 2563 2276 2708 2348; x_wconf 89' lang='lat' dir='ltr'>suis</span> <span class='ocrx_word' id='word_1_109' title='bbox 2775 2276 3067 2349; x_wconf 86' lang='lat' dir='ltr'>sedibus</span> 
     </span>
     <span class='ocr_line' id='line_1_17' title="bbox 908 2390 3068 2495; baseline 0 -29"><span class='ocrx_word' id='word_1_110' title='bbox 908 2394 1096 2495; x_wconf 88' lang='lat' dir='ltr'>pulsi</span> <span class='ocrx_word' id='word_1_111' title='bbox 1127 2393 1476 2491; x_wconf 90' lang='lat' dir='ltr'>ejectique</span> <span class='ocrx_word' id='word_1_112' title='bbox 1527 2391 1843 2485; x_wconf 86' lang='lat' dir='ltr'>fuerunt,</span> <span class='ocrx_word' id='word_1_113' title='bbox 1883 2392 2060 2463; x_wconf 85' lang='lat' dir='ltr'>tales</span> <span class='ocrx_word' id='word_1_114' title='bbox 2094 2416 2299 2463; x_wconf 90' lang='lat' dir='ltr'>casus</span> <span class='ocrx_word' id='word_1_115' title='bbox 2339 2415 2492 2463; x_wconf 89' lang='lat' dir='ltr'>non</span> <span class='ocrx_word' id='word_1_116' title='bbox 2525 2390 2753 2465; x_wconf 92' lang='lat' dir='ltr'>modo</span> <span class='ocrx_word' id='word_1_117' title='bbox 2791 2392 3068 2466; x_wconf 81' lang='lat' dir='ltr'>fortiter</span> 
     </span>
     <span class='ocr_line' id='line_1_18' title="bbox 911 2508 3068 2608; baseline -0.001 -24"><span class='ocrx_word' id='word_1_118' title='bbox 911 2526 983 2584; x_wconf 91' lang='lat' dir='ltr'>et</span> <span class='ocrx_word' id='word_1_119' title='bbox 1012 2510 1539 2608; x_wconf 67' lang='lat' dir='ltr'>aequanimiter,</span> <span class='ocrx_word' id='word_1_120' title='bbox 1580 2533 1830 2580; x_wconf 83' lang='lat' dir='ltr'>verum</span> <span class='ocrx_word' id='word_1_121' title='bbox 1862 2508 2079 2580; x_wconf 86' lang='lat' dir='ltr'>etiam</span> <span class='ocrx_word' id='word_1_122' title='bbox 2116 2508 2509 2605; x_wconf 84' lang='lat' dir='ltr'>gaudenter</span> <span class='ocrx_word' id='word_1_123' title='bbox 2551 2522 2770 2604; x_wconf 88' lang='lat' dir='ltr'>atque</span> <span class='ocrx_word' id='word_1_124' title='bbox 2815 2525 3068 2604; x_wconf 83' lang='lat' dir='ltr'>gratu-</span> 
     </span>
     <span class='ocr_line' id='line_1_19' title="bbox 913 2618 3068 2721; baseline -0 -26"><span class='ocrx_word' id='word_1_125' title='bbox 913 2625 1145 2695; x_wconf 90' lang='lat' dir='ltr'>lanter</span> <span class='ocrx_word' id='word_1_126' title='bbox 1199 2622 1572 2721; x_wconf 88' lang='lat' dir='ltr'>pertulisse</span> <span class='ocrx_word' id='word_1_127' title='bbox 1621 2636 1691 2691; x_wconf 92' lang='lat' dir='ltr'>et</span> <span class='ocrx_word' id='word_1_128' title='bbox 1745 2619 2006 2691; x_wconf 83' lang='lat' dir='ltr'>talibus</span> <span class='ocrx_word' id='word_1_129' title='bbox 2067 2621 2338 2691; x_wconf 88' lang='lat' dir='ltr'>eventis</span> <span class='ocrx_word' id='word_1_130' title='bbox 2389 2634 2606 2715; x_wconf 87' lang='lat' dir='ltr'>atque</span> <span class='ocrx_word' id='word_1_131' title='bbox 2657 2618 3068 2694; x_wconf 82' lang='lat' dir='ltr'>infortuniis</span> 
     </span>
     <span class='ocr_line' id='line_1_20' title="bbox 918 2736 3062 2834; baseline -0 -24"><span class='ocrx_word' id='word_1_132' title='bbox 918 2764 1070 2811; x_wconf 86' lang='lat' dir='ltr'>sese</span> <span class='ocrx_word' id='word_1_133' title='bbox 1104 2740 1320 2809; x_wconf 90' lang='lat' dir='ltr'>etiam</span> <span class='ocrx_word' id='word_1_134' title='bbox 1355 2752 1720 2834; x_wconf 88' lang='lat' dir='ltr'>reputasse</span> <span class='ocrx_word' id='word_1_135' title='bbox 1758 2736 2020 2807; x_wconf 86' lang='lat' dir='ltr'>felices.</span> <span class='ocrx_word' id='word_1_136' title='bbox 2062 2736 2269 2807; x_wconf 91' lang='lat' dir='ltr'>Unde</span> <span class='ocrx_word' id='word_1_137' title='bbox 2301 2736 2695 2808; x_wconf 87' lang='lat' dir='ltr'>Antiochus</span> <span class='ocrx_word' id='word_1_138' title='bbox 2729 2761 3062 2833; x_wconf 87' lang='lat' dir='ltr'>magnus,</span> 
     </span>
     <span class='ocr_line' id='line_1_21' title="bbox 918 2850 3062 2948; baseline 0 -22"><span class='ocrx_word' id='word_1_139' title='bbox 918 2880 1041 2926; x_wconf 85' lang='lat' dir='ltr'>rex</span> <span class='ocrx_word' id='word_1_140' title='bbox 1077 2853 1277 2944; x_wconf 80' lang='lat' dir='ltr'>Asiae,</span> <span class='ocrx_word' id='word_1_141' title='bbox 1308 2878 1475 2923; x_wconf 93' lang='lat' dir='ltr'>cum</span> <span class='ocrx_word' id='word_1_142' title='bbox 1500 2877 1542 2923; x_wconf 92' lang='lat' dir='ltr'>a</span> <span class='ocrx_word' id='word_1_143' title='bbox 1572 2852 1914 2924; x_wconf 86' lang='lat' dir='ltr'>Romanis</span> <span class='ocrx_word' id='word_1_144' title='bbox 1947 2852 2116 2923; x_wconf 83' lang='lat' dir='ltr'>Asiae</span> <span class='ocrx_word' id='word_1_145' title='bbox 2140 2877 2363 2947; x_wconf 91' lang='lat' dir='ltr'>regno</span> <span class='ocrx_word' id='word_1_146' title='bbox 2395 2850 2662 2948; x_wconf 89' lang='lat' dir='ltr'>ejectus</span> <span class='ocrx_word' id='word_1_147' title='bbox 2683 2867 2758 2924; x_wconf 92' lang='lat' dir='ltr'>et</span> <span class='ocrx_word' id='word_1_148' title='bbox 2781 2869 3062 2944; x_wconf 79' lang='lat' dir='ltr'>exutus,</span> 
     </span>
     <span class='ocr_line' id='line_1_22' title="bbox 914 2968 3066 3065; baseline 0 -22"><span class='ocrx_word' id='word_1_149' title='bbox 914 2972 1097 3043; x_wconf 89' lang='lat' dir='ltr'>ultra</span> <span class='ocrx_word' id='word_1_150' title='bbox 1143 2975 1457 3041; x_wconf 85' lang='lat' dir='ltr'>Taurum</span> <span class='ocrx_word' id='word_1_151' title='bbox 1504 2984 1829 3039; x_wconf 90' lang='lat' dir='ltr'>montem</span> <span class='ocrx_word' id='word_1_152' title='bbox 1878 2968 2124 3065; x_wconf 91' lang='lat' dir='ltr'>pulsus</span> <span class='ocrx_word' id='word_1_153' title='bbox 2171 2968 2438 3059; x_wconf 89' lang='lat' dir='ltr'>fuisset,</span> <span class='ocrx_word' id='word_1_154' title='bbox 2490 2969 2746 3064; x_wconf 87' lang='lat' dir='ltr'>legitur</span> <span class='ocrx_word' id='word_1_155' title='bbox 2793 2974 3066 3044; x_wconf 79' lang='lat' dir='ltr'>senatui</span> 
     </span>
     <span class='ocr_line' id='line_1_23' title="bbox 915 3085 3067 3185; baseline 0 -26"><span class='ocrx_word' id='word_1_156' title='bbox 915 3103 987 3159; x_wconf 91' lang='lat' dir='ltr'>et</span> <span class='ocrx_word' id='word_1_157' title='bbox 1038 3086 1313 3185; x_wconf 88' lang='lat' dir='ltr'>populo</span> <span class='ocrx_word' id='word_1_158' title='bbox 1356 3108 1659 3154; x_wconf 90' lang='lat' dir='ltr'>romano</span> <span class='ocrx_word' id='word_1_159' title='bbox 1701 3108 1996 3179; x_wconf 87' lang='lat' dir='ltr'>magnas</span> <span class='ocrx_word' id='word_1_160' title='bbox 2033 3085 2289 3178; x_wconf 87' lang='lat' dir='ltr'>gratias</span> <span class='ocrx_word' id='word_1_161' title='bbox 2328 3085 2548 3178; x_wconf 89' lang='lat' dir='ltr'>egisse</span> <span class='ocrx_word' id='word_1_162' title='bbox 2595 3085 2798 3181; x_wconf 92' lang='lat' dir='ltr'>quod</span> <span class='ocrx_word' id='word_1_163' title='bbox 2831 3111 2909 3158; x_wconf 90' lang='lat' dir='ltr'>se</span> <span class='ocrx_word' id='word_1_164' title='bbox 2950 3089 3067 3159; x_wconf 89' lang='lat' dir='ltr'>ni-</span> 
     </span>
     <span class='ocr_line' id='line_1_24' title="bbox 914 3200 3063 3298; baseline 0 -24"><span class='ocrx_word' id='word_1_165' title='bbox 914 3204 1144 3275; x_wconf 87' lang='lat' dir='ltr'>mium</span> <span class='ocrx_word' id='word_1_166' title='bbox 1189 3202 1333 3272; x_wconf 88' lang='lat' dir='ltr'>lata</span> <span class='ocrx_word' id='word_1_167' title='bbox 1367 3215 1433 3270; x_wconf 89' lang='lat' dir='ltr'>et</span> <span class='ocrx_word' id='word_1_168' title='bbox 1476 3214 1622 3271; x_wconf 88' lang='lat' dir='ltr'>tam</span> <span class='ocrx_word' id='word_1_169' title='bbox 1661 3200 1963 3270; x_wconf 89' lang='lat' dir='ltr'>molesta</span> <span class='ocrx_word' id='word_1_170' title='bbox 2008 3200 2180 3271; x_wconf 82' lang='lat' dir='ltr'>Asiae</span> <span class='ocrx_word' id='word_1_171' title='bbox 2225 3201 2735 3298; x_wconf 88' lang='lat' dir='ltr'>procuratione</span> <span class='ocrx_word' id='word_1_172' title='bbox 2771 3201 3063 3275; x_wconf 88' lang='lat' dir='ltr'>liberas-</span> 
     </span>
     <span class='ocr_line' id='line_1_25' title="bbox 917 3314 3063 3412; baseline -0 -23"><span class='ocrx_word' id='word_1_173' title='bbox 917 3332 1100 3410; x_wconf 91' lang='lat' dir='ltr'>sent,</span> <span class='ocrx_word' id='word_1_174' title='bbox 1161 3342 1246 3387; x_wconf 83' lang='lat' dir='ltr'>ex</span> <span class='ocrx_word' id='word_1_175' title='bbox 1296 3315 1440 3386; x_wconf 91' lang='lat' dir='ltr'>hoc</span> <span class='ocrx_word' id='word_1_176' title='bbox 1482 3314 1807 3411; x_wconf 75' lang='lat' dir='ltr'>profecto</span> <span class='ocrx_word' id='word_1_177' title='bbox 1854 3339 2006 3385; x_wconf 92' lang='lat' dir='ltr'>non</span> <span class='ocrx_word' id='word_1_178' title='bbox 2046 3339 2341 3412; x_wconf 89' lang='lat' dir='ltr'>parvam</span> <span class='ocrx_word' id='word_1_179' title='bbox 2379 3315 2514 3387; x_wconf 93' lang='lat' dir='ltr'>sibi</span> <span class='ocrx_word' id='word_1_180' title='bbox 2552 3317 2921 3412; x_wconf 87' lang='lat' dir='ltr'>quaesitam</span> <span class='ocrx_word' id='word_1_181' title='bbox 2959 3344 3063 3389; x_wconf 88' lang='lat' dir='ltr'>re-</span> 
     </span>
     <span class='ocr_line' id='line_1_26' title="bbox 918 3431 3066 3533; baseline -0.002 -26"><span class='ocrx_word' id='word_1_182' title='bbox 918 3451 1180 3533; x_wconf 88' lang='lat' dir='ltr'>putans</span> <span class='ocrx_word' id='word_1_183' title='bbox 1231 3432 1662 3504; x_wconf 88' lang='lat' dir='ltr'>felicitatem.</span> <span class='ocrx_word' id='word_1_184' title='bbox 1705 3431 1921 3518; x_wconf 91' lang='lat' dir='ltr'>Quod</span> <span class='ocrx_word' id='word_1_185' title='bbox 1956 3446 2028 3504; x_wconf 89' lang='lat' dir='ltr'>et</span> <span class='ocrx_word' id='word_1_186' title='bbox 2070 3432 2188 3503; x_wconf 89' lang='lat' dir='ltr'>alii</span> <span class='ocrx_word' id='word_1_187' title='bbox 2237 3433 2697 3531; x_wconf 89' lang='lat' dir='ltr'>quamplures</span> <span class='ocrx_word' id='word_1_188' title='bbox 2748 3434 3066 3506; x_wconf 88' lang='lat' dir='ltr'>similiter</span> 
     </span>
     <span class='ocr_line' id='line_1_27' title="bbox 920 3546 3063 3648; baseline 0 -28"><span class='ocrx_word' id='word_1_189' title='bbox 920 3550 1189 3640; x_wconf 85' lang='lat' dir='ltr'>fecisse,</span> <span class='ocrx_word' id='word_1_190' title='bbox 1230 3549 1342 3618; x_wconf 85' lang='lat' dir='ltr'>vel</span> <span class='ocrx_word' id='word_1_191' title='bbox 1375 3562 1453 3617; x_wconf 87' lang='lat' dir='ltr'>ut</span> <span class='ocrx_word' id='word_1_192' title='bbox 1484 3546 1874 3642; x_wconf 86' lang='lat' dir='ltr'>aliquando</span> <span class='ocrx_word' id='word_1_193' title='bbox 1906 3547 2194 3644; x_wconf 90' lang='lat' dir='ltr'>pondus</span> <span class='ocrx_word' id='word_1_194' title='bbox 2225 3550 2588 3643; x_wconf 89' lang='lat' dir='ltr'>regiminis</span> <span class='ocrx_word' id='word_1_195' title='bbox 2611 3574 2870 3621; x_wconf 89' lang='lat' dir='ltr'>exuere</span> <span class='ocrx_word' id='word_1_196' title='bbox 2898 3576 3063 3648; x_wconf 90' lang='lat' dir='ltr'>pos·</span> 
     </span>
     <span class='ocr_line' id='line_1_28' title="bbox 916 3663 3065 3763; baseline 0 -27"><span class='ocrx_word' id='word_1_197' title='bbox 916 3680 1106 3756; x_wconf 88' lang='lat' dir='ltr'>sent,</span> <span class='ocrx_word' id='word_1_198' title='bbox 1161 3664 1617 3761; x_wconf 87' lang='lat' dir='ltr'>cupidissime</span> <span class='ocrx_word' id='word_1_199' title='bbox 1664 3677 1878 3757; x_wconf 89' lang='lat' dir='ltr'>atque</span> <span class='ocrx_word' id='word_1_200' title='bbox 1926 3663 2419 3735; x_wconf 81' lang='lat' dir='ltr'>ardentissime</span> <span class='ocrx_word' id='word_1_201' title='bbox 2467 3680 2844 3763; x_wconf 81' lang='lat' dir='ltr'>exoptasse</span> <span class='ocrx_word' id='word_1_202' title='bbox 2904 3665 3065 3761; x_wconf 86' lang='lat' dir='ltr'>legi-</span> 
     </span>
     <span class='ocr_line' id='line_1_29' title="bbox 916 3777 3062 3875; baseline 0 -26"><span class='ocrx_word' id='word_1_203' title='bbox 916 3805 1112 3867; x_wconf 84' lang='lat' dir='ltr'>mus;</span> <span class='ocrx_word' id='word_1_204' title='bbox 1152 3777 1770 3875; x_wconf 85' lang='lat' dir='ltr'>quemadmodum</span> <span class='ocrx_word' id='word_1_205' title='bbox 1809 3802 2153 3873; x_wconf 84' lang='lat' dir='ltr'>magnum</span> <span class='ocrx_word' id='word_1_206' title='bbox 2187 3778 2389 3848; x_wconf 91' lang='lat' dir='ltr'>illum</span> <span class='ocrx_word' id='word_1_207' title='bbox 2423 3784 2813 3873; x_wconf 85' lang='lat' dir='ltr'>Augustum</span> <span class='ocrx_word' id='word_1_208' title='bbox 2841 3783 3062 3850; x_wconf 82' lang='lat' dir='ltr'>Caesa-</span> 
     </span>
     <span class='ocr_line' id='line_1_30' title="bbox 918 3895 3062 3991; baseline 0 -28"><span class='ocrx_word' id='word_1_209' title='bbox 918 3920 1107 3985; x_wconf 90' lang='lat' dir='ltr'>rem,</span> <span class='ocrx_word' id='word_1_210' title='bbox 1152 3895 1465 3991; x_wconf 84' lang='lat' dir='ltr'>primum</span> <span class='ocrx_word' id='word_1_211' title='bbox 1520 3898 1992 3987; x_wconf 81' lang='lat' dir='ltr'>Augustorum</span> <span class='ocrx_word' id='word_1_212' title='bbox 2039 3909 2286 3989; x_wconf 89' lang='lat' dir='ltr'>atque,</span> <span class='ocrx_word' id='word_1_213' title='bbox 2326 3895 2696 3966; x_wconf 88' lang='lat' dir='ltr'>communi</span> <span class='ocrx_word' id='word_1_214' title='bbox 2739 3896 3062 3966; x_wconf 88' lang='lat' dir='ltr'>omnium</span> 
     </span>
     <span class='ocr_line' id='line_1_31' title="bbox 918 4011 3059 4101; baseline -0.001 -18"><span class='ocrx_word' id='word_1_215' title='bbox 918 4012 1463 4101; x_wconf 87' lang='lat' dir='ltr'>existimatione,</span> <span class='ocrx_word' id='word_1_216' title='bbox 1498 4012 2006 4097; x_wconf 84' lang='lat' dir='ltr'>felicissimum,</span> <span class='ocrx_word' id='word_1_217' title='bbox 2046 4011 2507 4083; x_wconf 86' lang='lat' dir='ltr'>vehementer</span> <span class='ocrx_word' id='word_1_218' title='bbox 2530 4012 2963 4084; x_wconf 88' lang='lat' dir='ltr'>desiderasse</span> <span class='ocrx_word' id='word_1_219' title='bbox 2993 4025 3059 4081; x_wconf 90' lang='lat' dir='ltr'>et</span> 
     </span>
     <span class='ocr_line' id='line_1_32' title="bbox 922 4127 3059 4225; baseline -0.001 -28"><span class='ocrx_word' id='word_1_220' title='bbox 922 4128 1199 4225; x_wconf 89' lang='lat' dir='ltr'>imperii</span> <span class='ocrx_word' id='word_1_221' title='bbox 1264 4128 1485 4199; x_wconf 87' lang='lat' dir='ltr'>fasces</span> <span class='ocrx_word' id='word_1_222' title='bbox 1543 4127 1906 4223; x_wconf 89' lang='lat' dir='ltr'>deponere</span> <span class='ocrx_word' id='word_1_223' title='bbox 1960 4151 2044 4197; x_wconf 90' lang='lat' dir='ltr'>ac</span> <span class='ocrx_word' id='word_1_224' title='bbox 2087 4152 2238 4197; x_wconf 88' lang='lat' dir='ltr'>rem</span> <span class='ocrx_word' id='word_1_225' title='bbox 2295 4128 2659 4225; x_wconf 87' lang='lat' dir='ltr'>publicam</span> <span class='ocrx_word' id='word_1_226' title='bbox 2701 4130 3059 4199; x_wconf 87' lang='lat' dir='ltr'>restituere</span> 
     </span>
     <span class='ocr_line' id='line_1_33' title="bbox 924 4243 1829 4337; baseline -0.002 -24"><span class='ocrx_word' id='word_1_227' title='bbox 924 4244 1264 4337; x_wconf 89' lang='lat' dir='ltr'>cogitasse</span> <span class='ocrx_word' id='word_1_228' title='bbox 1291 4246 1561 4315; x_wconf 86' lang='lat' dir='ltr'>Seneca</span> <span class='ocrx_word' id='word_1_229' title='bbox 1591 4243 1829 4313; x_wconf 85' lang='lat' dir='ltr'>refert.</span> 
     </span>
    </p>
   </div>
   <div class='ocr_carea' id='block_1_3' title="bbox 3366 4 3370 621">
    <p class='ocr_par' dir='ltr' id='par_1_3' title="bbox 3366 4 3370 621">
     <span class='ocr_line' id='line_1_34' title="bbox 3366 4 3370 621; baseline 0 0"><span class='ocrx_word' id='word_1_230' title='bbox 3366 4 3370 621; x_wconf 95' lang='lat' dir='ltr'> </span> 
     </span>
    </p>
   </div>
  </div>
 </body>
</html>
