3400 5417
992 548 1065 603 88
1533 542 2044 600 HISTORIARUM
2083 542 2332 599 LUDov
2342 542 2439 598 ICI
2479 542 2535 596 X

994 700 1151 747 rum
1208 698 1503 747 manum
1558 672 1948 744 adsciscere
1997 688 2068 743 et
2119 673 2586 743 intromittere
2637 686 2918 771 possent
2936 727 2955 762 ,
3006 672 3106 743 es-

992 791 1207 861 fracta
1241 790 1361 860 ina
1401 802 1609 887 porta
1657 787 1955 859 civitatis
1977 844 1996 880 ,
2047 811 2274 886 prope
2315 812 2535 884 quam
2568 784 2974 877 adstabant,
3015 786 3105 857 ad

990 904 1324 977 eumdem
1360 903 1453 975 ad
1488 918 1796 975 castrum
1827 903 1916 975 de
1943 902 2181 996 Wiclc,
2215 904 2342 974 ubi
2369 901 2835 993 consistebat,
2865 928 3106 974 curso-

989 1045 1099 1091 res
1131 1018 1688 1090 destinaverunt.
1737 1022 1821 1088 Et
1854 1018 2002 1115 ipse
2041 1018 2330 1113 quidem
2351 1073 2368 1108 ,
2405 1031 2483 1086 ut
2515 1032 2689 1087 tunc
2728 1015 3103 1107 ferebatur,

989 1134 1175 1205 celer
1218 1157 1586 1205 accurrere
1632 1148 1703 1204 et
1745 1133 1886 1203 suis
1933 1131 2325 1203 fautoribus
2369 1154 2580 1227 opem
2633 1130 2812 1201 ferre
2858 1156 3108 1230 prope-

991 1273 1178 1340 ranS,
1237 1246 1329 1319 ad
1376 1247 1696 1319 medium
1752 1270 2000 1341 usque,
2056 1247 2240 1316 inter
2285 1246 2494 1317 Wick
2550 1248 2621 1315 et
2672 1244 3102 1340 Trajectum,

990 1362 1334 1459 pervenit.
1368 1361 1507 1432 Sed
1532 1385 1696 1431 cum
1726 1360 2062 1431 dominus
2089 1358 2178 1429 de
2207 1358 2616 1430 Monteforti
2643 1374 2713 1429 et
2736 1359 2860 1454 qui
2881 1358 3104 1429 eidem

987 1476 1397 1568 adstabant,
1435 1476 1830 1574 periculum
1870 1475 2409 1566 intellexissent,
2447 1488 2517 1544 et
2561 1473 2804 1570 quod,
2857 1473 2950 1545 ad
2999 1474 3110 1544 in-

988 1591 1513 1663 troducendum
1571 1591 1897 1661 inimicos
1952 1616 2118 1661 suos
2181 1591 2251 1659 in
2297 1589 2688 1680 civitatem,
2749 1604 2974 1686 portae
3013 1590 3105 1660 ef-

992 1708 1262 1798 fractae,
1302 1721 1560 1803 apertae
1606 1719 1971 1802 paterent,
2016 1705 2108 1776 ad
2153 1704 2598 1775 obviandum
2628 1704 2948 1802 periculo
2993 1729 3108 1777 ex·

990 1823 1258 1921 templo
1292 1821 1667 1893 consilium
1716 1822 2013 1918 accepit.
2055 1824 2230 1891 Nam
2273 1820 2566 1918 stipatus
2604 1821 2909 1892 rutheris
2952 1822 3104 1907 illis,

991 1962 1176 2033 quos
1226 1951 1519 2033 perante
1543 1992 1561 2029 ,
1624 1937 1728 2006 uti
1763 1935 2106 2027 diximus,
2154 1937 2225 2004 in
2273 1935 2629 2006 civitatem
2666 1934 2758 2006 ad
2804 1960 2879 2006 se
2915 1959 3104 2006 com-

990 2052 1461 2123 muniendum
1506 2052 1869 2125 invexerat
1889 2108 1907 2144 ,
1951 2065 2160 2147 atque
2213 2052 2367 2122 aliis
2409 2049 2822 2123 satellitibus
2858 2054 2987 2147 qui
3024 2050 3106 2122 ad

988 2194 1061 2239 se
1100 2168 1630 2261 confluxerant,
1664 2170 1846 2239 inter
1880 2193 2060 2262 quos
2092 2182 2244 2238 erat
2275 2168 2469 2237 velut
2498 2167 2895 2264 praecipuus
2933 2193 3110 2237 unus

980 2285 1259 2380 juvenis
1314 2283 1862 2374 audacissimus,
1918 2285 2258 2354 Henricus
2319 2284 2408 2355 de
2454 2282 2846 2372 Nt'evelde¹,
2901 2286 3111 2381 ipsius

988 2401 1261 2470 domini
1294 2399 1383 2469 de
1418 2401 1826 2472 Monteforti
1862 2401 2124 2471 sororis
2163 2400 2350 2471 filius
2373 2456 2390 2491 ,
2433 2425 2472 2470 e
2503 2400 2737 2498 platea
2773 2402 3106 2492 civitatis,

988 2530 1345 2611 praeeunte
1388 2514 1687 2605 veinIO,
1742 2540 1982 2587 versus
2029 2530 2308 2613 portam
2355 2541 2578 2613 prope
2625 2540 2840 2612 quam
2886 2518 3109 2589 adsta-

988 2630 1164 2702 bant
1200 2630 1618 2721 adversarii,
1673 2632 2066 2702 contendit.
2127 2630 2260 2702 Ubi
2299 2657 2464 2702 cum
2512 2634 2584 2703 iu
2633 2657 2756 2703 eos
2790 2632 3110 2705 adversa·

994 2748 1133 2816 rios
1156 2743 1667 2815 bombardulas
1680 2745 1999 2839 jacerent
2021 2761 2089 2816 et
2112 2748 2246 2818 alia
2267 2748 2579 2837 missilia,
2604 2748 3110 2844 paululumque

988 2858 1362 2931 adversarii
1402 2857 1742 2929 obsistere
1781 2876 2239 2953 conarentur,
2280 2860 2504 2932 tribus
2542 2876 2664 2931 aut
2691 2876 3003 2958 quatuor
3035 2888 3106 2931 ex

990 2975 1156 3072 ipsis
1190 2973 1280 3043 de
1316 2974 1519 3043 dictis
1553 2974 1933 3046 missilibus
1967 2990 2034 3045 et
2063 2977 2315 3072 jaculis
2341 2979 2449 3048 vel
2494 2977 2744 3048 occisis
2765 3031 2782 3065 ,
2817 2978 2928 3049 vel
2955 3003 3108 3049 sau-

993 3088 1142 3180 ciis,
1171 3089 1439 3184 reliqua
1462 3088 1846 3159 multitudo
1865 3104 2061 3185 terga
2083 3091 2302 3161 dedit.
2332 3096 2532 3177 Quos
2556 3091 2934 3163 adversarii
2958 3118 3111 3189 per-

995 3219 1391 3301 sequenteS,
1423 3204 1762 3276 excedere
1787 3206 2065 3275 civitate
2094 3232 2222 3303 per
2245 3221 2560 3304 portam,
2591 3232 2806 3302 quani
2833 3207 3110 3302 effrege-

991 3339 1148 3394 rant
1171 3379 1188 3414 ‚
1218 3336 1600 3417 coegerunt
1628 3351 1642 3409 ;
1670 3337 1736 3393 et
1759 3323 2119 3393 effractam
2158 3338 2473 3420 portam,
2516 3351 2604 3394 ne
2640 3327 2747 3395 vel
2781 3325 2962 3413 aliis,
3009 3325 3105 3392 vel

997 3438 1163 3534 ipsis
1203 3438 1435 3509 aditus
1471 3462 1597 3534 per
1642 3461 1802 3508 eam
1838 3452 2109 3535 pateret
2151 3439 2245 3509 ad
2280 3439 2632 3510 civitatem
2655 3496 2672 3531 ‚
2716 3440 2946 3510 statim
2983 3438 3110 3510 ob-

986 3569 1309 3623 serarunt
1342 3569 1410 3624 et
1452 3554 1888 3625 munierunt.
1932 3558 2385 3651 Eorumque,
2439 3558 2561 3651 qui
2597 3557 2694 3627 sic
2747 3558 3110 3627 exivemnt

988 3684 1049 3738 el
1105 3693 1232 3765 per
1290 3669 1525 3761 sugam
1576 3694 1716 3740 suae
1767 3670 1970 3742 saluti
2035 3673 2577 3764 consuluerunt,
2636 3698 2972 3745 numerus
3027 3674 3106 3745 ad

987 3784 1415 3878 quingentos
1450 3810 1673 3880 usque
1701 3811 1784 3856 ex
1822 3787 2479 3859 honorabilioribus
2508 3789 2778 3860 civibus
2815 3806 2886 3863 et
2921 3792 3112 3862 locu-

990 3898 1405 3996 pletioribus
1448 3902 1827 3971 ascendere¹
1875 3902 2227 3974 ferebatur
2278 3931 2291 3972 :
2349 3905 2472 3999 qui
2522 3929 2595 3974 se
2640 3907 2874 4002 primo
2920 3906 3104 4003 apud

990 4013 1335 4111 oppidum
1406 4014 1493 4084 de
1569 4022 1671 4083 W
1671 4017 1777 4086 z'cls
1843 4020 2295 4115 recipientes,
2372 4020 2629 4092 deinde
2691 4048 2817 4120 per
2877 4026 3108 4095 vicina

1074 4177 1128 4230 1.
1176 4174 1466 4230 ll‘iaevelde
1523 4173 1663 4232 dans
1713 4177 1764 4233 le
1822 4197 1926 4234 ms·
1991 4180 2320 4249 Matthaeus,
2384 4186 2658 4238 Hernicus
2708 4204 2744 4237 a
2803 4189 3026 4251 Zuylen
3079 4206 3109 4239 a

989 4269 1251 4336 Nica-ela
1284 4284 1506 4322 comme
1534 4268 1844 4338 ei—dessus,
1881 4292 1939 4345 p.
1976 4275 2070 4325 76.
