3400 5417
1193 509 1412 572 LIBER
1453 509 1755 568 PRIMUS.
2432 511 2547 568 303

507 647 597 718 Et
629 658 853 732 certe,
900 657 1167 716 attenta
1211 643 1434 737 gratia
1468 665 1689 737 quam
1734 657 1890 715 tum
1930 666 2074 739 prae
2116 644 2383 716 caeteris
2427 666 2551 718 au-

409 761 565 832 licis
599 758 790 858 apud
825 781 1067 854 regem
1103 758 1509 847 invenerat,
1552 773 1662 846 et,
1724 757 2068 830 universis
2108 757 2184 829 id
2218 773 2551 835 attestan-

411 875 642 966 tibus,
683 873 1034 962 habebat,
1069 875 1127 944 si
1174 898 1259 946 ex
1301 871 1444 947 fide
1499 888 1570 944 et
1601 872 1912 945 fraterna
1964 873 2293 964 caritate,
2335 889 2413 947 ut
2443 875 2554 954 vir

409 990 651 1062 bonus
680 1006 752 1063 et
777 993 1222 1064 interventor
1254 989 1508 1079 fidelis,
1554 1014 1706 1062 rem
1740 1004 2061 1063 nostram
2087 991 2362 1086 egisset,
2401 1017 2551 1069 non

412 1105 827 1180 dubitamus
873 1106 1048 1203 quin
1085 1105 1270 1200 regis
1299 1105 1623 1180 animum
1653 1158 1672 1194 ‚
1731 1130 1949 1201 quem
1978 1107 2056 1178 in
2088 1106 2243 1186 aliis
2283 1107 2555 1184 incom-

411 1222 824 1319 parabiliter
865 1236 936 1292 et
969 1219 1360 1317 majoribus
1403 1236 1475 1292 et
1513 1220 1960 1316 gravioribus
1998 1224 2298 1319 negotiis
2338 1226 2555 1298 emol-

408 1339 617 1412 lierat
671 1352 746 1409 et
794 1338 888 1410 ad
941 1338 1559 1422 mansuetudinem
1606 1337 1978 1411 inflexerat
2004 1391 2023 1427 ,
2077 1340 2289 1412 etiam
2346 1341 2557 1420 nobis

408 1456 770 1553 placatum
805 1470 1018 1552 atque
1053 1454 1490 1526 benevolum
1536 1453 1837 1527 reddere
1892 1455 2275 1552 potuisset,
2339 1457 2556 1554 idque

411 1570 696 1644 efficere
727 1587 804 1644 ut
825 1572 948 1642 tali
977 1571 1222 1642 exsilio
1257 1571 1579 1643 mulctati
1605 1570 1903 1642 minime
1937 1570 2329 1643 fuissemus.
2362 1577 2557 1652 Post-

413 1686 720 1760 modum
744 1712 942 1778 ver0,
980 1711 1146 1757 cum
1174 1686 1323 1783 ipse
1355 1687 1630 1782 majora
1661 1685 1904 1755 suisset
1926 1702 2309 1776 assecutus,
2338 1689 2557 1760 eccle-

414 1803 594 1874 siam
627 1802 894 1874 scilicet
939 1802 1511 1895 Andegavensem
1555 1817 1625 1872 et
1677 1801 2156 1875 cardinalatus
2204 1804 2556 1900 fastigium

415 1943 582 1994 cum
614 1918 938 2015 pluribus
970 1916 1356 2016 pinguibus
1384 1916 1859 2008 comendis,
1896 1918 2288 2016 altioraque
2320 1921 2558 1994 adhuc

412 2032 759 2126 ambiret,
815 2035 1188 2106 ecclesiam
1229 2048 1550 2105 nostram
1575 2086 1593 2122 ‚
1637 2048 1982 2130 tanquam
2028 2061 2331 2132 parvum
2380 2039 2553 2134 quid

413 2149 512 2220 ad
558 2173 760 2219 suam
797 2149 1344 2221 exsaturandam
1387 2148 1856 2246 cupiditatem
1895 2151 2318 2244 valiturum,
2376 2155 2554 2224 ulte-

417 2249 564 2334 rius
593 2289 726 2362 pro
761 2287 834 2334 se
863 2265 1201 2362 prosequi
1236 2263 1502 2334 destitit
1525 2278 1595 2333 et
1627 2266 1947 2335 cessavit.

521 2383 686 2450 Erat
752 2403 923 2449 vero
1000 2394 1152 2449 tum
1215 2377 1392 2449 alius
1450 2379 1732 2473 juvenis
1803 2379 2099 2475 quidam
2157 2381 2247 2452 de
2316 2399 2558 2456 nostra

417 2495 768 2565 oriundus
819 2495 1144 2581 dioecesi,
1209 2496 1394 2564 inter
1443 2493 1674 2589 regios
1725 2497 2056 2568 satellites
2105 2498 2199 2569 ad
2238 2500 2559 2594 corporis

419 2611 606 2704 regis
640 2610 933 2681 tutelam
973 2610 1377 2706 deputatOS,
1413 2611 1726 2707 parentis
1753 2612 1860 2682 sui
1902 2614 2099 2710 impii
2135 2629 2207 2684 et
2242 2616 2558 2687 scelerati

422 2727 556 2796 viri
589 2727 904 2822 iniquior
924 2741 1136 2822 atque
1157 2726 1468 2797 deterior
1491 2727 1726 2822 proles
1744 2733 1785 2796 ¹.
1822 2731 1885 2798 Is
1908 2728 2191 2800 fratrem
2214 2729 2553 2820 habebat,

420 2870 640 2943 quem
691 2846 982 2918 modico
1018 2860 1182 2918 ante
1224 2860 1546 2943 tempore
1597 2845 1933 2916 clericum
1979 2847 2403 2937 feceramuS,
2444 2850 2561 2944 ju-

421 2987 682 3034 venem
737 2961 953 3032 serme
1003 2962 1153 3032 sine
1201 2962 1490 3050 litteris,
1543 2963 1668 3032 sed
1703 2963 1850 3034 vita
1894 2978 1963 3032 et
2006 2964 2329 3035 moribus
2380 2965 2561 3035 adeo

425 3102 553 3174 per
589 3078 834 3150 omnia
872 3075 1212 3148 infamem
1262 3092 1474 3172 atque
1509 3076 1959 3169 dissolutum,
2002 3079 2175 3148 duni
2229 3096 2390 3176 post
2433 3081 2563 3150 im-

423 3191 731 3290 puberes
765 3216 996 3263 annos
1027 3207 1096 3262 et
1133 3193 1437 3291 primam
1483 3207 1850 3263 tonsuram
1887 3193 2284 3270 clericalem
2326 3195 2418 3266 ad
2458 3197 2561 3266 vi·

425 3308 630 3378 rilem
684 3322 1061 3404 provectus
1112 3308 1350 3380 suisset
1388 3322 1690 3398 aetatem,
1756 3324 1831 3377 ut
1874 3332 1916 3378 a
1963 3309 2312 3404 plerisque
2371 3311 2564 3382 velut

426 3423 679 3494 stultus
713 3439 784 3494 et
829 3424 1087 3495 mentis
1134 3425 1372 3521 impos
1414 3438 1626 3517 atque
1676 3425 1967 3494 insanus
2016 3425 2553 3496 existimaretur.

427 3543 638 3609 Hunc
699 3540 1072 3611 satellitem
1128 3565 1250 3610 rex
1295 3540 1749 3638 capitaneum
1804 3540 1896 3611 ad
1945 3542 2242 3612 civitatis
2308 3557 2563 3613 nostr-13

513 3787 570 3843 1.
619 3785 666 3842 11
700 3785 864 3864 s'agit
901 3785 972 3842 ici
1017 3785 1088 3842 de
1133 3784 1352 3844 Robert
1391 3785 1464 3842 de
1510 3791 1861 3863 Mannoury‚
1900 3788 1987 3844 fils
2026 3787 2097 3845 de
2138 3788 2463 3848 Guillaume
2492 3791 2563 3848 de

431 3887 778 3958 Mann0ur5‚
808 3881 1077 3960 seigneur
1106 3882 1184 3940 du
1211 3881 1795 3961 Mont-de-laaxr'igne,
1825 3902 2050 3940 comme
2082 3903 2229 3941 nous
2264 3884 2562 3962 l'apprend

434 3983 512 4034 La
543 3976 843 4051 Chesnaye
879 3975 978 4032 des
1019 3976 1151 4033 Bois
1196 3997 1267 4033 en
1312 3996 1416 4033 son
1447 3981 1841 4032 Diceiomme're
1873 3981 1943 4032 de:
1975 3982 2031 4032 la
2059 3978 2323 4035 noblesse.
2364 3984 2473 4035 Par
2510 3980 2562 4036 le

436 4070 563 4127 titre
604 4089 718 4146 que
756 4069 838 4126 lui
870 4069 1061 4126 donne
1109 4070 1376 4142 l’auteur,
1423 4071 1459 4127 il
1501 4072 1617 4127 faut
1655 4070 1934 4127 entendre
1975 4072 2112 4148 qu'il
2158 4072 2340 4128 saisait
2379 4073 2563 4149 partic

435 4164 506 4220 ‹le
541 4165 594 4220 la
622 4165 964 4242 compagnie
993 4164 1093 4222 des
1115 4179 1244 4221 cent
1269 4165 1735 4242 gentilshommes
1765 4165 1838 4223 de
1867 4165 2064 4222 l‘hotel
2092 4165 2168 4223 du
2203 4167 2312 4240 roi,
2344 4168 2558 4226 ordon-

434 4259 536 4315 nes
565 4278 713 4334 pour
742 4259 796 4316 la
824 4258 999 4335 garde
1033 4258 1106 4317 de
1139 4279 1242 4317 son
1271 4279 1461 4335 corpS.
