3400 5417
952 434 1067 494 322
1803 431 2181 500 Ammon
2199 470 2217 501 ,

952 568 1185 663 dignis
1225 563 1521 647 testibus
1574 564 1880 649 relatum
1935 562 2295 643 audiimus
2308 618 2330 655 ,
2387 562 2587 638 velut
2639 564 2717 645 iu
2773 564 3102 639 fluorem

952 698 1179 774 actm,
1206 685 1439 760 Deum
1460 676 1994 777 blasphemam,
2023 693 2380 761 extremos
2395 678 2684 777 spiritus
2705 678 3098 753 exhalavit.

1052 798 1245 879 Alter
1290 820 1460 867 vero
1502 796 1654 891 ejus
1694 800 2136 891 germanus¹,
2188 819 2337 875 non
2383 793 2681 870 inferior
2727 797 3056 893 nequitia
3075 850 3098 885 ,

952 914 1079 991 sed
1112 912 1435 1012 profecto
1477 911 1716 1007 ipsum
1747 910 1963 984 etiam
1996 910 2432 1006 praecellens,
2469 934 2621 989 nou
2653 910 2878 1013 longe
2899 926 3096 1009 post,

954 1056 1148 1121 cum,
1204 1026 1497 1126 crapula
1547 1039 1764 1122 atque
1821 1024 2162 1101 ebrietate
2215 1026 2476 1105 mentis
2527 1027 2796 1123 impos,
2847 1042 3103 1101 comm

953 1146 1343 1247 quemdam
1393 1144 1640 1235 alium,
1689 1142 2012 1217 honestis
2061 1166 2262 1239 aeque
2309 1143 2578 1217 meritis
2625 1143 3100 1243 moribusque

952 1262 1365 1363 praeditum,
1402 1260 1629 1333 rixam
1672 1274 1997 1337 moveret
2027 1260 2101 1339 in
2145 1259 2430 1333 civitate
2457 1273 2742 1347 nostra,
2783 1260 3101 1357 pugione

952 1378 1322 1452 confossus
1349 1374 1638 1446 interiit.
1669 1375 1887 1471 Cujus
1924 1401 2175 1447 necem
2203 1400 2370 1447 cum
2398 1376 2614 1449 occisi
2646 1391 2859 1473 pater
2893 1391 3100 1473 atque

952 1496 1130 1567 alter
1163 1493 1415 1564 frater¹
1451 1491 1680 1560 ultum
1716 1490 1800 1560 iri
1830 1505 2254 1585 satagerent,
2291 1491 2512 1563 annis
2541 1490 3102 1589 satellitibusque

953 1608 1222 1707 stipati,
1281 1606 1624 1677 evadente
1665 1630 1794 1703 per
1839 1605 2076 1704 fugam
2117 1607 2476 1693 occisore,
2523 1607 2745 1703 ipsius
2787 1605 2982 1677 filius
3015 1607 3102 1679 ab

953 1726 1119 1823 ipsis
1148 1722 1502 1803 ultoribus
1538 1722 1813 1793 occisus
1857 1735 1983 1793 est.
2040 1722 2246 1793 Unde
2289 1723 2366 1793 in
2402 1746 2746 1817 magnum
2779 1725 3100 1821 capitum

954 1867 1247 1914 suorum
1300 1840 1677 1911 discrimen
1735 1837 2026 1912 adducti
2075 1854 2264 1910 sunt.
2327 1843 2509 1912 Nam
2550 1865 2719 1913 cum
2775 1865 2870 1911 ex
2907 1842 3106 1936 regiis

957 1957 1311 2030 mandatis
1368 1956 1566 2025 istius
1613 1955 1932 2025 secundo
1984 1955 2216 2025 necati
2267 1956 2571 2049 genitor,
2623 1957 2732 2027 sui
2784 1981 3102 2053 quoque,

956 2075 1090 2147 sub
1122 2075 1314 2147 salva
1342 2072 1587 2167 gardia
1620 2071 1953 2167 regiaque
1986 2072 2432 2169 protectione
2465 2072 2870 2170 specialiter
2905 2075 3108 2171 positi

957 2189 1286 2274 fuissent,
1345 2211 1434 2258 eo
1490 2185 1690 2282 quod
1742 2185 2315 2258 adversariorum
2371 2186 2556 2257 vires
2609 2201 2827 2284 atque
2883 2190 3112 2260 minas

959 2304 1464 2391 formidarent,
1536 2325 1825 2396 gravem
1907 2314 1978 2370 et
2036 2302 2513 2398 periculosam
2577 2304 3112 2376 accusationem

1048 2593 1103 2646 1.
1151 2592 1239 2645 On
1272 2599 1500 2654 trouve,
1534 2583 1678 2639 dans
1698 2580 1755 2638 la
1782 2581 2059 2638 Reforme
2088 2578 2159 2639 de
2189 2581 2245 2638 la
2270 2579 2539 2639 noblesse
2565 2579 2636 2639 de
2660 2581 2962 2640 Montfaut
2991 2584 3111 2653 (Ca-

964 2681 1127 2738 binet
1160 2680 1260 2737 des
1288 2679 1450 2735 titres
1478 2674 1549 2731 de
1578 2674 1632 2732 la
1665 2672 1815 2730 Bibl.
1865 2672 2057 2751 imp.),
2090 2692 2168 2730 un
2203 2674 2384 2731 Henri
2413 2673 2487 2731 de
2513 2678 2872 2751 Mannoury,
2907 2677 3012 2754 qui
3040 2688 3117 2734 est

968 2775 1262 2853 peut-cire
1289 2772 1343 2828 le
1372 2786 1733 2847 personnage
1762 2767 1904 2823 dont
1929 2766 2179 2823 l'anteur
2204 2779 2344 2825 veut
2369 2766 2562 2844 parler
2587 2767 2684 2825 ici.

1051 2873 1109 2926 2.
1156 2870 1257 2924 Cet
1284 2874 1447 2920 autre
1479 2862 1629 2917 frere
1663 2859 1787 2917 doit
1813 2862 1934 2916 &tre
1963 2864 2106 2917 Jean
2134 2859 2207 2917 de
2239 2862 2588 2936 Mannoury,
2617 2861 2834 2936 ecuyer
2864 2860 3118 2921 d'e'curie

971 2962 1041 3017 de
1071 2957 1243 3015 Louis
1274 2959 1395 3025 XI,
1437 2954 1670 3009 homme
1709 2950 1995 3025 d’arme5‚
2043 2972 2270 3011 comme
2305 2950 2524 3009 Robert
2547 2997 2564 3025 ,
2605 2952 2679 3011 de
2719 2954 2776 3011 la
2818 2955 3010 3033 garde
3049 2954 3120 3013 du

972 3074 1141 3131 corps
1168 3098 1181 3122 ,
1216 3064 1272 3109 ct
1299 3048 1583 3127 capitaine
1612 3047 1712 3104 des
1743 3048 1930 3127 francs
1971 3047 2206 3105 archers
2243 3047 2317 3105 du
2360 3046 2628 3127 bailliage
2659 3047 2732 3105 de
2765 3053 3004 3108 Rouen.
3039 3053 3118 3107 On

976 3170 1147 3207 verra
1180 3166 1286 3224 pai·
1325 3145 1409 3202 les
1446 3142 1635 3219 pieces
1669 3140 2069 3212 justificatives
2097 3140 2176 3197 du
2211 3146 2312 3197 lv·
2349 3140 2586 3199 volume
2620 3142 2764 3217 qu’il
2803 3142 3056 3201 succede
3092 3146 3121 3198 ὲ

977 3262 1081 3301 son
1108 3242 1258 3298 frere
1292 3237 1433 3294 dans
1466 3235 1517 3291 la
1546 3232 1707 3311 regie
1736 3232 1812 3290 du
1847 3234 2126 3312 tempore}
2160 3234 2232 3292 de
2261 3232 2515 3293 Lisieux.
2546 3238 2678 3292 Une
2709 3235 3022 3293 remission
3051 3235 3124 3293 du

972 3336 1180 3395 'l'resor
1210 3332 1309 3389 des
1339 3330 1564 3387 chax-tes
1593 3333 1669 3401 (J.
1705 3330 1843 3398 2⁰0,
1875 3350 1932 3407 p.
1970 3332 2070 3403 45,
2104 3348 2220 3387 aux
2251 3327 2515 3395 archives
2543 3328 2616 3387 de
2645 3329 2954 3409 l’Empire)
2985 3350 3126 3389 nous

975 3428 1235 3507 appi-end
1272 3425 1447 3503 qu'au
1483 3423 1629 3480 mois
1662 3422 1735 3480 dc
1761 3423 1889 3496 juin
1927 3426 2078 3481 ¹467
2126 3422 2164 3480 il
2197 3421 2541 3499 debarquait
2569 3425 2604 3479 a
2642 3422 2954 3481 Sandwich
2985 3443 3128 3503 pour

978 3524 1119 3581 aller
1148 3521 1412 3578 consi-rer
1440 3518 1510 3575 dc
1541 3537 1646 3593 par
1674 3517 1728 3574 le
1757 3516 1841 3573 roi
1879 3537 2018 3573 avec
2063 3517 2116 3573 le
2157 3528 2348 3573 comte
2385 3517 2457 3573 de
2498 3517 2781 3575 Warwick
2812 3521 2846 3574 ἒι
2885 3521 3126 3576 Cantor-

982 3618 1145 3691 bery.
1192 3612 1238 3670 11
1278 3625 1361 3669 cst
1400 3613 1631 3667 nomme
1664 3630 1768 3685 par
1817 3610 2053 3666 Molinet
2100 3629 2327 3667 comme
2369 3610 2488 3667 l'un
2539 3610 2639 3668 des
2681 3611 3006 3689 capitaines
3035 3613 3127 3689 qui

984 3706 1387 3766 c‹‘›mbattircnt
1432 3707 1467 3760 a
1504 3704 1556 3759 la
1592 3702 1836 3773 journee
1873 3702 2327 3780 d'Enquinegate
2355 3705 2582 3773 (¹479).
2617 3709 2710 3760 Au
2739 3703 2884 3761 mois
2917 3705 2996 3761 de
3027 3704 3124 3761 de-

984 3804 1217 3863 cembre
1250 3804 1437 3871 1483,
1480 3798 1647 3875 apres
1686 3798 1742 3854 la
1791 3811 1942 3853 mort
1985 3797 2056 3854 de
2093 3799 2269 3855 Louis
2313 3802 2398 3856 XI
2424 3844 2440 3867 ‚
2484 3797 2524 3855 il
2563 3798 2886 3857 s'intitulait
2919 3820 3126 3858 encore

991 3928 1014 3949 «
1056 3901 1293 3973 bouyer,
1339 3895 1607 3972 seigneur
1635 3891 1716 3948 du
1749 3892 2357 3970 Mont-de-la-Vigne,
2401 3891 2687 3969 capitaine
2717 3892 2790 3949 de
2819 3893 2874 3950 la
2907 3894 3050 3951 ville
3076 3907 3126 3949 et

986 3991 1200 4049 chastcl
1237 3991 1307 4046 de
1336 3994 1570 4063 Baycux
1591 4030 1606 4057 ,
1637 3998 1812 4062 ayant
1846 3986 1961 4043 don
1997 3984 2157 4061 royal
2194 3985 2271 4042 du
2309 4005 2532 4043 revenu
2565 3985 2642 4043 du
2671 3986 2946 4045 demaine
2975 3988 3048 4044 de
3075 3987 3120 4042 la

988 4080 1338 4138 vic‹›n11‹'·de
1376 4084 1631 4153 Bayeux.
1674 4103 1697 4126 υ
1753 4075 2004 4147 (Cedule
2046 4073 2324 4152 originale
2369 4075 2511 4134 dans
2556 4075 2610 4134 le
2658 4096 2768 4133 ms·
2803 4077 3014 4154 Suppl.
3053 4078 3118 4133 fr.

989 4178 1145 4232 2539
1180 4175 1251 4231 de
1280 4173 1334 4231 la
1362 4172 1507 4229 Bibl.
1542 4172 1711 4248 imp.)
