3400 5417
1072 457 1294 512 LIBER
1346 456 1646 516 PRIMUS.
2308 459 2423 516 257

304 615 478 687 opus
517 589 716 686 quod
763 604 870 660 tot
927 603 994 659 et
1042 603 1187 660 tam
1230 588 1622 684 grandibus
1668 611 1969 682 regnum
2011 613 2221 660 suum
2250 615 2429 688 pen-

301 702 618 775 sionibus
644 718 1116 801 praegravaret
1134 759 1152 794 ,
1192 726 1326 800 pro
1359 702 1624 799 quihus
1653 703 2099 778 exsolvendis
2136 717 2242 776 tot
2272 720 2430 777 tan-

302 822 524 917 tisque
571 846 894 918 pressum
950 819 1412 914 vectigalibus
1467 836 1540 891 et
1597 821 1946 913 collectis,
2011 845 2169 918 quae
2224 822 2435 894 simul

304 962 464 1007 curn
515 938 764 1008 militia
794 961 925 1034 per
961 952 1067 1008 tot
1101 960 1331 1009 annos
1365 961 1665 1032 regnum
1721 939 1956 1036 ipsum
1996 953 2068 1008 et
2118 938 2437 1034 ejusdem

305 1053 557 1124 accolae
602 1054 1027 1146 tolerarant,
1075 1053 1169 1124 ad
1209 1069 1601 1126 extremam
1651 1080 1853 1152 paene
1908 1055 2327 1152 pauperiem
2370 1069 2442 1126 et

308 1170 770 1241 inanitionem
797 1171 1265 1243 devenerant.
1305 1173 1521 1244 Aliter
1558 1174 1754 1242 enim
1783 1173 2120 1270 possibile
2160 1197 2310 1243 non
2346 1161 2443 1245 fa-

303 1285 428 1356 cile
459 1286 794 1382 cuiquam
823 1310 1080 1357 sanum
1114 1287 1414 1385 sapienti
1449 1286 1676 1358 videri
1714 1301 2025 1384 poterat,
2067 1289 2441 1383 quomodo

305 1426 599 1498 regnpm
654 1417 870 1498 atque
929 1403 1188 1474 accolae
1249 1403 1401 1498 ejus
1455 1405 1528 1474 in
1589 1404 1899 1499 priscam
1959 1404 2441 1500 opulentiam,

305 1516 699 1588 libertatem
728 1532 797 1588 et
823 1517 1124 1612 gloriam
1158 1519 1536 1590 instaurari
1570 1532 1864 1615 possent
1884 1573 1901 1603 ,
1945 1520 2175 1589 causis
2205 1519 2449 1617 hujus-

305 1635 498 1706 modi
533 1636 888 1708 malorum
921 1636 1131 1708 simul
1160 1636 1769 1734 percurrentibuS,
1804 1662 1890 1708 ex
1925 1662 2237 1734 quorum
2262 1663 2451 1734 pres-

304 1775 462 1822 sura
527 1767 597 1822 et
655 1755 1015 1824 attritione
1072 1752 1164 1825 ad
1227 1769 1374 1825 tam
1427 1752 1905 1825 miserabilem
1969 1754 2448 1826 calamitatem

304 1867 539 1939 fuisset
604 1870 1050 1940 devolutum.
1128 1869 1560 1965 Hujusmodi
1632 1893 1806 1939 vero
1878 1871 2107 1940 causis
2181 1871 2291 1940 vel
2365 1897 2449 1943 ex

305 2001 499 2080 parte
526 1985 821 2057 sublatis
841 2039 860 2076 ‚
898 2011 1024 2057 seu
1056 1986 1574 2059 rationabiliter
1606 1987 2038 2083 temperatis,
2069 1987 2449 2060 observato

305 2101 547 2173 debito
594 2103 877 2198 justitiae
946 2103 1183 2195 cultu,
1256 2128 1408 2175 non
1468 2102 1775 2174 dubium
1830 2102 1978 2173 fore
2033 2103 2450 2175 dicebamus

305 2218 476 2310 quin
506 2273 524 2308 ,
570 2218 757 2289 infra
781 2217 1073 2289 brevem
1121 2233 1397 2289 aetatem
1424 2272 1442 2307 ,
1482 2220 1679 2313 regio
1707 2232 1896 2307 tota,
1939 2241 2095 2312 quae
2132 2233 2203 2288 et
2238 2217 2450 2289 uber·

307 2345 438 2402 tate
479 2331 698 2427 glebae
736 2348 807 2403 et
849 2335 1030 2404 aeris
1067 2347 1279 2430 atque
1328 2333 1488 2403 coeli
1521 2330 1933 2403 salubritate
1971 2333 2264 2426 insignis
2300 2348 2445 2425 est,

305 2447 372 2515 in
399 2473 735 2542 magnam
768 2450 1205 2547 populorum
1233 2505 1250 2536 ,
1284 2472 1507 2545 opum
1552 2462 1623 2517 et
1664 2447 1901 2516 omnis
1950 2446 2227 2541 generis
2263 2445 2447 2516 divi-

306 2563 561 2632 tiarum
608 2578 822 2658 atque
858 2563 1222 2634 bonorum
1255 2561 1779 2634 abundantiam
1813 2562 2264 2632 coalesceret.

400 2682 546 2748 Nec
569 2693 809 2750 tamen
840 2732 858 2767 ,
901 2678 1518 2776 quemadmodum
1553 2676 1921 2748 aiebamus
1947 2732 1965 2766 ‚
2006 2675 2190 2748 adeo
2227 2691 2451 2746 teme·

309 2794 468 2864 rarii
504 2794 725 2865 videri
779 2794 1195 2865 volebamus
1243 2809 1322 2864 ut
1363 2794 1628 2864 militiae
1680 2792 1985 2862 modum
2021 2816 2147 2861 seu
2190 2816 2449 2862 nume-

310 2935 465 2980 rum
490 2965 508 3000 ,
563 2911 654 2981 ad
707 2911 1058 3008 stipendia
1091 2934 1225 3008 pro
1266 2910 1487 2980 tutela
1527 2925 1741 3005 atque
1790 2908 2204 2979 defensione
2247 2909 2449 3003 regni.

307 3026 716 3115 retinendae,
769 3044 1014 3099 nostro
1067 3053 1277 3096 sensu
1313 3026 1817 3096 diffiniendum
1856 3025 2302 3096 duceremus.
2366 3025 2446 3095 Id

307 3144 500 3213 enim
549 3167 830 3239 regem,
885 3143 1136 3214 habito
1193 3168 1407 3240 super
1464 3142 1600 3211 hac
1645 3166 1719 3208 re
1761 3155 2045 3210 maturo
2091 3166 2258 3210 cum
2306 3143 2449 3210 suis

309 3257 726 3352 proceribus
759 3273 828 3328 et
860 3259 1025 3327 viris
1059 3257 1497 3354 sapientibus
1534 3255 1835 3326 consilio
1860 3311 1876 3344 ‚
1913 3253 2173 3324 debere
2215 3255 2447 3325 facere

309 3389 521 3470 atque
574 3375 931 3445 moderari
982 3374 1398 3444 dicebamus
1425 3430 1441 3462 ‚
1485 3373 1921 3465 minimeque
1966 3385 2137 3439 tunc
2182 3396 2442 3463 regum,

312 3491 404 3563 ita
439 3506 698 3589 pacato
733 3508 800 3563 et
836 3493 1184 3586 integrato
1226 3506 1304 3561 ut
1340 3491 1430 3561 ab
1470 3487 1807 3560 omnibus
1854 3488 2069 3557 ferme
2121 3512 2269 3556 esse
2324 3488 2447 3558 de-

313 3606 480 3679 bere
514 3609 1016 3693 aestimabatur,
1063 3623 1340 3678 tantum
1379 3608 1641 3678 militiae
1683 3631 2095 3694 numerum,
2142 3620 2243 3678 tot
2272 3631 2447 3702 pen-

311 3727 597 3796 sionum
649 3742 972 3823 sumptus
1018 3725 1546 3797 continuandos
1581 3747 1767 3811 esse,
1830 3723 2078 3816 quanti
2130 3736 2337 3792 antea
2377 3724 2444 3791 in

312 3866 569 3935 regnO,
640 3840 1084 3911 saevientibus
1143 3841 1467 3910 maximis
1526 3863 1941 3932 guerrarum
1999 3835 2443 3930 turbinibuffi

312 3982 632 4053 unquam
671 3958 1114 4026 exstitissent.

411 4078 574 4144 Herc
607 4075 678 4142 in
712 4073 956 4143 libello
993 4073 1351 4143 antedicto
1407 4097 1642 4165 regem
1696 4085 1772 4139 ut
1828 4069 2081 4138 faceret
2111 4068 2452 4139 hortaba-

317 4215 522 4278 mur;
581 4190 724 4261 hoc
753 4246 771 4281 ‚
831 4191 935 4260 uti
969 4189 1360 4276 credimuS,
1414 4187 1817 4256 fidelissime
1866 4183 2441 4254 consulebamus.

477 4327 546 4364 m
2056 4303 2127 4356 ΓΙ
