3400 5417
1119 492 1338 550 LIBER
1382 493 1683 550 SEXTUS.
2387 494 2465 553 2⁷

447 623 770 697 Habebat
815 622 1108 720 quidem
1155 648 1315 696 eam
1351 638 1624 721 partem
1648 679 1668 717 ,
1736 648 1893 719 quae
1933 625 2147 719 vulgo
2210 626 2470 697 Civitas

349 738 795 839 appellatur¹,.
845 737 1014 831 sibi,
1085 753 1164 809 ut
1201 739 1599 825 retulimuS,
1664 739 1855 810 ultro
1906 737 2286 827 traditam3
2338 740 2465 813 sed

351 857 556 929 aliam
597 869 876 953 partem
896 857 944 944 ²,
997 878 1156 950 quae
1204 855 1417 949 longe
1477 855 1734 951 major,
1789 854 2209 953 populosior
2256 871 2468 953 atque

353 971 687 1043 munitior
724 984 910 1060 erat,
971 969 1298 1039 nondum
1361 968 1701 1041 habebat.
1764 973 1850 1040 Et
1889 969 2091 1041 initio
2130 969 2419 1065 quidem
2442 1028 2461 1063 ,

351 1110 510 1157 cum
541 1086 780 1157 adhuc
812 1101 1127 1183 speraret
1158 1086 1428 1157 dictum
1455 1087 1993 1159 matrimonium
2012 1142 2030 1178 ,
2057 1087 2256 1183 juxta
2288 1086 2467 1159 desi-

352 1203 624 1275 derium
685 1227 932 1291 suum,
995 1202 1254 1275 debere
1302 1203 1583 1301 perfici,
1642 1203 2001 1276 obtulerat
2060 1204 2470 1277 Atrebaten-

351 1319 574 1411 sihuS‚
633 1334 783 1391 tam
836 1344 972 1417 pro
1021 1344 1095 1390 se
1142 1344 1357 1417 quam
1408 1345 1542 1416 pro
1587 1320 1740 1391 aliis
1796 1320 2081 1418 oppidis
2126 1344 2210 1391 ac
2268 1319 2469 1390 terris

350 1438 720 1508 comitatus
777 1437 1092 1529 Artesiae‚
1140 1438 1199 1507 si
1250 1437 1384 1508 sibi
1412 1461 1659 1535 parere
1706 1437 2003 1524 vellent,
2050 1450 2469 1508 contentum

351 1578 492 1625 esse
516 1576 791 1651 ponere
822 1552 1151 1623 custodes
1197 1553 1523 1624 locorum
1557 1578 1680 1624 seu
1741 1553 2154 1649 capitaneos
2191 1568 2261 1623 et
2293 1554 2469 1623 alios

352 1667 682 1740 officiales
726 1692 860 1766 pro
911 1668 1251 1763 regimine
1304 1653 1376 1738 et
1426 1667 1995 1763 gubernamento
2057 1668 2342 1765 patriae3
2401 1684 2469 1741 et

350 1782 537 1879 quod
558 1797 947 1881 proventus
965 1782 1302 1853 cederent
1316 1784 1474 1853 usui
1499 1798 1711 1880 atque
1733 1784 2012 1853 utilitati
2032 1781 2263 1854 filiolae
2281 1808 2421 1854 suae
2441 1836 2461 1869 ,

349 1900 440 1971 ita
465 1900 670 1996 quod
687 1956 707 1991 ‚
746 1925 1042 1971 munere
1056 1901 1288 1970 tutelae
1314 1899 1632 1996 ejusdem
1667 1926 1807 1971 suae
1829 1899 2060 1970 filiolae
2082 1956 2099 1990 ‚
2125 1915 2467 1998 tanquam

349 2014 680 2087 dominus
713 2017 1039 2113 superior
1062 2031 1132 2086 et
1158 2017 1770 2110 consanguinitate
1803 2018 2277 2113 propinqum,
2313 2017 2467 2087 fun·

349 2136 678 2225 geretur⁸.
754 2137 986 2219 Quam
1052 2132 1496 2205 oblationem
1559 2158 1726 2203 cum
1790 2134 1922 2230 ipsi
1980 2132 2470 2203 Atrebatenses

349 2247 614 2346 absque
652 2250 951 2321 consilio
993 2264 1064 2320 et
1099 2275 1388 2322 assensu
1447 2274 1588 2321 suae
1632 2250 2063 2346 principissae
2101 2263 2467 2345 acceptare

349 2366 638 2437 minime
665 2382 1206 2464 praesumerent,
1242 2368 1599 2464 petierunt
1632 2391 1673 2437 a
1728 2390 1890 2460 rege
1930 2366 2375 2437 securitatem
2401 2380 2468 2435 et

348 2480 616 2552 salvum
647 2482 1127 2573 conductum,
1163 2499 1243 2552 ut
1289 2499 1559 2554 certum
1598 2508 1977 2554 numerum
2007 2484 2267 2553 civium
2304 2508 2467 2552 suo-

350 2619 499 2667 rum
529 2599 810 2669 mittere
842 2615 1130 2695 possent
1162 2600 1586 2671 Gandavum
1617 2602 1709 2673 ad
1729 2626 1929 2673 suam
1945 2602 2461 2697 principissam,

350 2712 435 2781 ad
469 2714 1025 2809 exquirendum,
1066 2717 1122 2786 si
1156 2718 1422 2787 eisdem
1457 2718 1813 2789 licentiam
1851 2732 2176 2815 praestare
2222 2716 2462 2805 vellet,

423 2918 480 2978 1.
525 2916 845 2988 Ci-dessuS,
878 2937 937 2994 p.
967 2919 1024 2975 8.

421 3011 479 3067 2.
524 3013 612 3067 La
649 3010 786 3068 ville
827 3025 1199 3089 proprement
1235 3011 1378 3081 dite,
1423 3013 1705 3069 terriloire
1752 3012 1823 3068 de
1859 3013 1909 3069 la
1952 3032 2261 3069 commune
2297 3026 2350 3069 et
2397 3012 2468 3068 de

347 3097 608 3177 l'abbaye
639 3101 710 3159 de
737 3103 1119 3161 saint-Vaast.

422 3200 478 3253 3.
524 3201 676 3254 Tout
699 3199 821 3255 cela
849 3212 931 3255 est
965 3200 1116 3278 plein
1151 3200 1642 3257 d'inexactitudeS.
1676 3205 1756 3257 Le
1789 3200 1872 3257 roi
1899 3244 1914 3271 ‚
1946 3200 2019 3256 du
2054 3212 2305 3256 moment
2330 3200 2465 3276 qu'il

347 3286 524 3346 s'etait
554 3289 730 3348 etabli
765 3292 905 3349 dans
941 3294 994 3349 la
1037 3293 1178 3360 cite,
1208 3293 1358 3351 avait
1397 3294 1494 3350 sait
1539 3296 1697 3350 treve
1724 3314 1863 3351 avec
1891 3293 1972 3349 les
2002 3292 2287 3367 habitants
2316 3292 2387 3349 de
2417 3295 2465 3349 la

345 3383 470 3442 ville
515 3406 670 3463 pour
717 3388 798 3444 les
846 3408 1080 3445 amener
1115 3392 1147 3445 ἐι
1183 3410 1260 3446 un
1309 3388 1858 3446 acconnnodement.
1915 3389 2055 3445 'Mais
2106 3389 2186 3445 les
2230 3389 2467 3465 deputes

347 3478 477 3552 qu’il
507 3480 666 3536 avait
694 3483 947 3558 envoyes
980 3503 1127 3559 pour
1164 3484 1449 3561 negocier,
1486 3483 1776 3539 n'avaient
1805 3503 1881 3559 pu
1912 3483 2033 3538 rien
2064 3482 2202 3539 faire
2230 3485 2262 3538 a
2300 3501 2469 3539 cause

347 3570 516 3629 d'une
545 3574 775 3631 emente
807 3576 903 3651 qui
943 3576 1020 3632 les
1056 3578 1206 3633 avait
1247 3578 1429 3634 forces
1462 3577 1534 3633 de
1571 3577 1702 3634 fuir.
1740 3582 1823 3633 La
1854 3578 2011 3632 treve
2047 3577 2203 3633 etant
2230 3596 2469 3653 rompne

350 3685 448 3741 par
493 3667 642 3725 suite
682 3668 755 3725 de
798 3682 946 3726 cette
977 3670 1268 3740 violence,
1309 3671 1389 3727 les
1427 3691 1641 3727 canons
1685 3670 1756 3726 (le
1800 3671 1853 3725 la
1890 3670 1997 3726 cite
2038 3670 2266 3727 avaient
2307 3692 2468 3728 com-

349 3761 544 3819 mence
576 3764 608 3817 ἐι
642 3762 779 3819 tirer
807 3783 905 3819 sur
939 3764 992 3819 la
1019 3764 1176 3821 ville.
1208 3767 1473 3836 (Journal
1503 3764 1574 3820 ‹le
1610 3764 1743 3820 dom
1775 3764 1993 3820 Gerard
2025 3763 2271 3833 Robert,
2305 3785 2362 3841 p.
2400 3769 2469 3821 12

348 3867 398 3909 et
437 3859 562 3927 13.)
607 3856 778 3913 Alors
821 3858 873 3915 la
908 3878 1214 3917 commune
1261 3886 1284 3911 α
1325 3862 1384 3917 fit
1425 3882 1498 3917 un
1541 3860 2003 3936 appoinctement
2055 3878 2195 3915 avec
2244 3861 2296 3916 le
2340 3880 2467 3935 roy,

349 3967 448 4023 par
505 3950 580 4006 tel
626 3950 670 4007 si
717 3951 852 4027 qu'il
898 3954 1085 4010 auroit
1127 3954 1182 4011 la
1222 3956 1620 4013 souverainete
1668 3954 1740 4010 de
1788 3954 1841 4010 la
1882 3954 2013 4009 ville
2051 3954 2290 4030 jusques
2334 3957 2365 4010 ἐι
2404 3973 2469 4009 ee

345 4062 454 4117 que
499 4044 931 4102 Mademoiselle
965 4048 1150 4105 auroit
1195 4050 1383 4106 relevc'·
1423 4051 1550 4121 (fait
1597 4050 1927 4127 hommage)
1974 4068 2045 4105 en
2080 4069 2361 4126 personne
2395 4068 2469 4105 ou

349 4155 449 4212 par
493 4158 844 4214 procureur:
905 4156 958 4197 et
1002 4162 1076 4198 ne
1116 4144 1426 4201 sousfriroit
1474 4145 1528 4199 le
1574 4164 1674 4219 roy
1720 4144 1813 4218 d’y
1859 4144 2053 4200 laisser
2096 4156 2287 4199 entrer
2332 4162 2469 4215 gens

350 4230 594 4290 d'armes
621 4236 656 4290 ἐι
688 4236 837 4292 main
868 4238 1081 4295 arme'e.
1122 4263 1144 4287 υ
1183 4239 1418 4296 Molinet
1442 4283 1456 4309 ‚
1485 4251 1526 4296 t.
1559 4244 1613 4296 11
1641 4283 1654 4309 ,
1686 4239 1780 4296 ch.
1819 4260 1911 4295 xL.
