3400 5417
944 536 1057 590 12ss
1488 533 2006 591 HISTORIARUM
2049 533 2408 592 umovml
2445 534 2528 589 XI

938 666 1265 760 martyris
1300 664 1678 761 coepissent
1724 662 2116 754 abstinere,
2157 688 2309 737 sese
2341 666 2418 736 in
2465 686 2694 735 unum
2741 675 3075 756 cogentes

934 780 1169 878 stipati
1202 795 1643 853 armatorum
1672 781 2131 853 multitudine
2161 782 2572 880 (plusquam
2589 832 2608 868 ‚
2639 793 2720 849 ut
2757 774 3070 867 aiebant,

934 894 1323 991 trecentis),
1363 910 1811 967 accesserunt
1850 894 1945 968 ad
1985 896 2231 971 locum
2271 894 2740 994 capitularem
2787 892 3076 988 majoris

934 1010 1243 1083 ecclesiae
1261 1063 1280 1100 ,
1328 1009 1454 1081 ubi
1488 1011 1860 1085 universus
1891 1011 2122 1085 clerus
2179 1026 2354 1083 tunc
2387 1009 2659 1083 aderat.
2694 1009 2864 1098 Qui,
2924 1023 3077 1081 tan·

935 1148 1151 1220 quam
1220 1126 1597 1199 frementes
1638 1125 1880 1198 bestiae
1930 1142 2002 1198 et
2049 1127 2296 1198 leones
2357 1126 2740 1221 rugienteS,
2803 1122 3068 1196 clerum

933 1240 1259 1336 adjurare
1290 1256 1503 1339 atque
1542 1242 1988 1315 interminari
2023 1258 2396 1341 coeperunt
2421 1242 2624 1339 quod
2647 1294 2667 1331 ,
2707 1240 2843 1313 nisi
2884 1240 3071 1313 illico

933 1382 1174 1452 sacra,
1214 1383 1259 1431 a
1300 1358 1564 1456 quihus
1609 1384 1884 1431 cessare
1933 1360 2361 1432 inchoarant
2376 1414 2396 1447 ,
2445 1372 2966 1431 reassumerent
3005 1371 3070 1428 et

932 1490 1483 1569 exsequerentur
1519 1475 1730 1546 solito
1761 1499 2000 1564 more,
2059 1501 2312 1547 omnes
2343 1500 2467 1547 eos
2500 1474 2773 1573 absque
2805 1473 3067 1545 miseri·

933 1589 1181 1661 cordia
1205 1592 1671 1688 perimerent,
1711 1615 2106 1687 eorumque
2145 1590 2404 1663 domos
2437 1606 2509 1663 et
2537 1589 2738 1662 bona
2769 1587 3070 1659 rutheris

938 1704 1089 1800 (qui
1121 1720 1295 1777 tunc
1319 1706 1619 1778 accincti
1647 1706 1865 1777 armis
1881 1721 1951 1777 et
1973 1708 2205 1777 contis
2235 1708 2378 1777 suis
2403 1706 2704 1779 aderant
2730 1704 2822 1778 ad
2851 1704 3069 1777 caedes

932 1817 1401 1916 perficiendas
1425 1873 1444 1908 ‚
1512 1820 1748 1891 statim
1804 1835 1883 1891 ut
1933 1821 2034 1891 ei‘s
2066 1823 2562 1919 imperaretur,
2614 1819 2875 1918 parati)
2911 1818 3068 1891 diri-

931 1934 1227 2031 piendas
1259 1936 1757 2007 contraderent
1804 1961 1888 2008 ac
1915 1936 2293 2008 donarent.
2349 1940 2515 2024 Quo
2548 1938 2713 2032 (nec
2773 1934 3064 2029 mirum)

931 2052 1244 2145 percussi
1270 2064 1340 2121 et
1356 2052 1668 2122 exterriti
1699 2066 1895 2121 metu
1915 2104 1933 2137 ,
1965 2052 2089 2147 qui
2119 2067 2310 2122 certe
2335 2052 2592 2122 merito
2631 2052 2707 2121 in
2740 2066 3065 2123 constan·

931 2165 1279 2237 tissimum
1306 2168 1521 2239 etiam
1554 2168 1788 2237 virum
1821 2166 2075 2239 cadere
2121 2167 2461 2264 potuisset
2486 2219 2505 2254 ,
2537 2166 2864 2238 videntes
2891 2168 3062 2264 peri·

930 2281 1171 2353 culum
1225 2308 1374 2353 non
1441 2284 1962 2355 comminatum
2033 2284 2104 2352 in
2169 2282 2525 2370 futurum,
2585 2282 2713 2353 sed
2769 2308 3063 2379 praesens

929 2395 1212 2489 adesse,
1263 2402 1490 2472 coacti
1542 2415 1744 2487 sunt,
1804 2398 2061 2470 talibus
2108 2400 2177 2470 vi
2229 2424 2313 2471 ac
2369 2414 2563 2471 metu
2613 2398 3056 2492 urgentibuS‚

928 2513 1170 2587 divina
1222 2517 1624 2589 intermissa
1666 2541 2103 2588 reassumere
2148 2542 2281 2615 pro
2331 2532 2689 2614 tempore3
2729 2540 2774 2589 a
2812 2516 3064 2613 quibus

926 2646 1168 2705 tamen
1206 2634 1444 2733 plures
1484 2661 1557 2705 se
1599 2634 2101 2725 absentarunt,
2145 2659 2274 2732 per
2316 2635 2494 2707 alios
2536 2635 2842 2705 minoris
2885 2659 3065 2707 reve·

928 2751 1168 2821 rentiae
1200 2749 1753 2848 hujusce[modi]
1791 2750 2029 2822 officia
2065 2748 2312 2848 perfici
2351 2751 2687 2823 sinenteS.

1025 2870 1210 2937 Saue
1260 2882 1548 2964 postea,
1605 2867 1842 2937 surore
1889 2883 2274 2966 utcumque
2339 2870 2740 2963 regentium
2795 2884 3062 2968 tempe·

928 2994 1128 3071 rat0,
1179 2982 1253 3050 in
1303 2982 1613 3051 ecclesiis
1648 2980 1842 3053 beati
1895 2983 2179 3053 Martini
2225 2996 2294 3052 et
2327 2981 2518 3054 beati
2553 2982 2895 3075 Joannis,
2937 2982 3061 3055 sub

928 3096 1231 3168 obtentu
1301 3097 1722 3192 injuriarum
1791 3121 1968 3193 quas
2033 3123 2076 3169 a
2133 3099 2277 3168 suis
2340 3099 2736 3195 praepositis
2800 3098 3060 3170 eisdem

925 3212 1265 3285 dicebant
1291 3214 1615 3309 irrogari,
1641 3214 1731 3284 de
1751 3214 2146 3311 apostolico
2182 3192 2562 3285 interdicte
2595 3216 3054 3303 conticenteS,

926 3353 969 3401 a
1001 3330 1259 3402 divinis
1295 3329 1551 3400 officiis
1582 3331 1866 3427 penitus
1903 3344 2252 3400 cessatum
2290 3346 2393 3401 est
2424 3333 2467 3400 ¹.
2522 3330 2743 3417 Quod
2781 3356 2938 3401 non
2973 3330 3060 3401 ita

926 3448 1000 3515 in
1037 3444 1510 3516 conventibus
1552 3450 1876 3515 Fratrum
1923 3446 2482 3517 Mendicantium
2525 3460 2594 3517 et
2646 3446 2802 3517 aliis
2843 3446 3062 3519 eccle-

926 3561 1044 3631 siis
1095 3561 1393 3632 civitatis
1448 3561 1902 3631 observatum
1955 3560 2120 3650 suit,
2170 3562 2292 3633 sed
2347 3563 2417 3631 in
2467 3563 2566 3634 eis
2607 3556 3060 3637 solito'more

929 3675 1211 3747 suerunt
1244 3676 1485 3747 divina
1520 3678 1960 3747 continuata.

1022 3795 1399 3863 Tentaraut
1459 3806 1528 3861 et
1589 3793 2035 3886 magistratus
2098 3794 2399 3865 civitatis
2445 3796 2660 3867 etiam
2725 3796 3058 3870 inducere

1004 4000 1061 4055 1.
1087 3996 1407 4067 Matthaeus,
1440 3997 1580 4053 dans·
1608 4017 1695 4053 ses
1725 3997 2112 4068 mummium,
2141 4020 2176 4055 a
2204 3999 2398 4077 public
2423 4021 2502 4057 un
2523 4002 2763 4060 curieux
2792 4003 3056 4061 memoire

927 4095 958 4148 a
997 4092 1311 4160 consulter,
1348 4112 1461 4167 que
1498 4092 1551 4148 le
1577 4092 1767 4168 clerge
1797 4091 1868 4148 dv
1911 4112 2004 4148 ces
2034 4092 2189 4150 deux
2227 4095 2427 4171 eglises
2461 4097 2521 4153 fit
2550 4096 2777 4175 rediger
2810 4102 2975 4176 apres
3006 4098 3050 4153 la

926 4188 1153 4243 rentree
1182 4185 1253 4243 de
1284 4186 1548 4261 l'eveque
1571 4229 1586 4254 ,
1618 4206 1768 4263 pour
1796 4188 1986 4244 savoir
2013 4187 2057 4243 si
2089 4188 2364 4246 l’interdit
2397 4190 2533 4247 etait
2561 4191 2735 4249 retire
2761 4194 2883 4271 ipsc?
2909 4195 3051 4268 facto

926 4284 959 4337 a
986 4300 1157 4339 cause
1184 4281 1257 4337 de
1284 4300 1387 4337 son
1420 4294 1635 4340 retour.
