3400 5417
868 510 983 566 316
1723 506 2103 565 Ammon
2127 552 2144 581 ,

865 654 1079 735 taque
1122 638 1481 737 possibilis
1529 636 1743 710 nobis
1773 653 1959 727 erat,
2002 637 2198 710 dicto
2243 637 2714 709 illustrissimo
2751 663 2832 710 ac
2873 638 2993 711 be-

867 757 1284 851 nignissimo
1318 755 1622 854 principi
1657 754 1909 828 habita
1943 755 2326 851 gratiarum
2377 756 2661 826 actione
2681 811 2702 845 ,
2737 755 2994 828 subsis-

868 888 1014 945 tere
1048 899 1181 970 pro
1218 888 1543 970 tempore
1578 872 2064 965 decrevimuS,
2107 896 2242 943 nec
2286 872 2594 970 amplius
2645 872 2990 968 aliquem,

866 1003 944 1059 ut
974 1014 1110 1087 pro
1143 990 1355 1061 nobis
1387 990 1810 1061 intercessor
1842 987 2076 1081 fieret,
2110 988 2400 1083 fatigare
2420 1044 2440 1081 ,
2471 1012 2640 1057 cum
2667 988 2838 1059 inde
2867 1014 2996 1060 nec

864 1103 1177 1176 fructum
1214 1105 1443 1177 ullum
1464 1162 1483 1199 ,
1541 1105 1668 1177 sed
1712 1106 1937 1202 magis
1973 1104 2418 1177 accensionis
2465 1103 2664 1175 suriae
2711 1106 2998 1201 majoris

867 1222 1267 1317 periculum
1314 1223 1692 1322 provenire
1746 1222 2174 1293 videremus,

964 1342 1294 1433 Longum
1363 1355 1544 1410 esset
1609 1340 1667 1409 si
1729 1337 1842 1409 vel
1912 1338 2247 1437 epistolas
2309 1337 3001 1435 humanissimasque

866 1478 1112 1551 preces
1129 1508 1149 1545 ,
1200 1480 1334 1553 pro
1371 1456 1579 1526 nobis
1605 1480 1736 1553 per
1761 1454 2128 1552 praefatum
2161 1454 2711 1526 illustrissimum
2737 1456 2999 1553 princi·

868 1594 1037 1666 pem
1072 1570 1322 1659 factaS,
1377 1572 1490 1644 vel
1524 1570 1746 1660 feraS,
1785 1585 2020 1641 truces
2052 1585 2266 1666 atque
2317 1570 2664 1643 barbaras
2712 1596 3002 1668 respon-

864 1686 1101 1757 siones
1133 1686 1225 1759 ad
1264 1711 1381 1757 eas
1415 1702 1487 1758 et
1518 1687 1754 1758 verbis
1786 1702 1857 1757 et
1895 1688 2171 1786 scriptis
2196 1686 2504 1776 habitaS‚
2541 1686 2714 1758 huic
2747 1702 3002 1759 nostrae

864 1802 1208 1899 apologiae
1231 1803 1572 1873 vellemus
1601 1803 1936 1874 inserere.
1969 1802 2186 1891 Quod
2209 1803 2502 1899 quidem
2535 1803 2769 1875 facere
2796 1805 3002 1875 omit-

866 1920 1117 2011 timus,
1165 1944 1256 1990 ne
1292 1918 1651 1990 fastidium
1685 1920 2084 2014 legentibus
2124 1920 2546 2018 parturiant.
2587 1925 2768 1991 Tam
2811 1922 3001 1991 enim

864 2035 1253 2106 manifestis
1280 2036 1675 2107 mendaciis
1707 2036 1981 2107 refertae
2021 2051 2225 2106 erant
2249 2035 2666 2132 hujusmodi
2703 2060 3000 2135 respon-

863 2154 1123 2244 sioneS,
1164 2154 1362 2249 quod
1397 2153 1604 2224 valde
1633 2152 2040 2225 mirandum
2069 2168 2174 2224 est
2207 2153 2578 2250 quomodo
2613 2155 2794 2226 tanti
2818 2157 3005 2253 prin·

863 2270 1039 2365 cipis
1072 2272 1279 2341 titulo
1322 2296 1407 2342 ac
1462 2273 1756 2341 nomine
1805 2286 1952 2341 tam
2000 2285 2245 2368 aperta
2278 2270 2656 2343 mendacia
2687 2271 3004 2367 confingi

864 2386 1249 2483 litterisque
1285 2388 1611 2459 mandari
1666 2402 2080 2485 potuerunt.
2124 2386 2266 2459 Sed
2299 2412 2383 2459 ea
2411 2412 2562 2457 non
2593 2387 3003 2459 dubitamus

864 2504 1161 2573 minime
1193 2529 1277 2575 ex
1306 2506 1488 2600 regis
1509 2504 1973 2594 conscientia,
2017 2502 2142 2574 sed
2177 2504 2634 2574 inimicorum
2667 2503 3008 2577 adinven-

866 2620 1180 2691 tionibus
1227 2623 1549 2718 pessimis
1592 2645 1958 2693 emanasse
2002 2649 2018 2690 :
2058 2621 2183 2717 qui
2226 2620 2415 2692 falsis
2449 2620 2596 2691 suis
2625 2634 2698 2691 et
2729 2621 3004 2691 calum-

866 2737 1081 2808 niosis
1135 2737 1756 2810 criminationibus
1812 2752 2130 2809 nostram
2178 2738 2774 2809 existimationem
2808 2739 3000 2836 apud

864 2854 1233 2949 praesatum
1295 2854 1553 2924 ducem
1620 2854 2169 2924 illustrissimum
2236 2854 2400 2924 totis
2465 2854 2734 2924 viribus
2793 2878 3005 2925 cona-

863 2970 1127 3041 bantur
1192 2995 1525 3061 onerare‚
1594 2971 1968 3065 denigrare
2037 2986 2105 3040 et
2177 2972 2589 3068 suggillare,
2667 2995 2757 3040 ne
2821 2972 3002 3041 ultra

863 3112 1072 3156 suum
1127 3086 1338 3157 nobis
1381 3088 1860 3183 patrocinium
1901 3088 2317 3185 impertiret.
2374 3091 2630 3157 Praeter
2686 3087 2834 3158 hoc
2897 3103 3000 3159 ta-

864 3228 1029 3272 men
1066 3205 1263 3299 quod
1298 3204 1740 3302 apertissima
1771 3204 2146 3276 mendacia
2181 3220 2248 3275 et
2280 3230 2480 3301 paene
2508 3204 2848 3275 omnibus
2877 3230 2999 3275 no-

862 3320 1045 3390 toria
1097 3320 1602 3411 continebant,
1652 3322 1864 3391 etiarn
1913 3336 2060 3391 tam
2095 3321 2274 3417 (esto
2317 3322 2534 3392 etiam
2568 3320 2767 3417 quod
2815 3346 2993 3392 vera·

862 3436 1314 3528 exstitissent)
1354 3436 1677 3508 absurdae.
1723 3454 1923 3507 erant
1957 3452 2023 3507 et
2062 3437 2353 3527 frivolae,
2408 3452 2490 3507 ut
2524 3451 2715 3507 certe
2761 3437 2996 3534 pudor

860 3575 1009 3619 esse
1048 3551 1409 3623 debuisset.
1463 3553 1627 3623 talia
1674 3552 1942 3650 probra
2004 3556 2076 3624 in
2133 3578 2570 3651 quemquam
2623 3553 2994 3623 hominem

853 3666 1229 3759 jactitasse..
1286 3667 1426 3738 Sed
1478 3670 1723 3739 omnia
1765 3669 1913 3738 haec
1956 3668 2207 3764 agebat
2259 3695 2377 3739 rex
2427 3668 2994 3765 suggestionibus

858 3778 1215 3851 dictorum
1251 3785 1724 3879 pessimorum
1776 3800 1846 3855 et
1903 3786 2406 3856 sceleratorum
2459 3786 2816 3871 virorum,
2865 3784 2994 3853 sci-

856 3895 1019 3967 licet
1062 3924 1243 3995 saepe
1282 3902 1632 3972 nominati
1668 3901 1867 3999 impii
1902 3902 2215 3973 satellitis
2246 3917 2317 3972 et
2349 3927 2674 3973 suorum.
