3400 5417
1168 484 1389 541 LIBER
1430 484 1729 541 nimus.
2409 484 2524 541 3¹0

376 615 767 713 aliquando
816 616 1146 688 notitiam
1195 616 1640 706 habuerunt3
1685 618 1810 714 qui
1853 642 2000 689 non
2037 617 2264 690 modo
2301 617 2520 693 fidem

375 732 625 804 talium
682 730 1379 829 improbissimorum
1429 731 1881 803 nebulonum
1937 729 2327 828 figmentis,
2397 734 2522 806 sed

376 872 513 919 nec
557 848 672 919 vel
722 849 1096 920 minimam
1150 847 1243 921 de
1298 847 1509 919 nobis
1557 850 1994 921 contrariam
2043 850 2524 947 suspicionem

376 962 684 1059 proinde
718 962 984 1035 habere
1021 988 1147 1035 seu
1182 965 1261 1035 in
1289 987 1450 1035 eam
1482 963 1744 1035 adduci
1772 978 2186 1062 potuerunt.

480 1077 688 1149 Unde
712 1094 784 1149 et
810 1079 1047 1177 ipsum
1071 1103 1341 1174 regem,
1376 1081 1545 1151 licet
1573 1094 1746 1151 tunc
1771 1082 1966 1171 talia,
2001 1106 2158 1179 quae
2187 1080 2520 1175 diximm,

377 1195 780 1267 evomuerit
812 1194 1059 1286 verba,
1097 1196 1528 1294 importunis
1566 1196 1906 1268 falsorum
1943 1197 2347 1269 delatorum
2374 1221 2528 1293 sug·

377 1311 821 1408 gestionibus
854 1312 1171 1408 quadam
1206 1311 1401 1383 velut
1434 1313 1617 1383 suria
1649 1337 2018 1405 accensuS‚
2058 1338 2207 1384 non
2242 1314 2526 1386 dubita-

376 1453 545 1499 mus
572 1428 957 1525 tranquilla
1002 1444 1243 1499 mente
1277 1430 1583 1500 omnino
1622 1429 1825 1499 aliter
1859 1428 1950 1499 de
1993 1428 2204 1500 nobis
2236 1431 2520 1500 sentire.

380 1549 564 1616 Nam
596 1560 668 1616 et
698 1570 892 1637 cum,
924 1560 1087 1643 post
1118 1545 1776 1616 reconciliationem
1812 1545 2133 1639 germani
2162 1547 2297 1637 sui,
2327 1545 2529 1617 ducis

376 1659 814 1754 Aquitaniae,
859 1659 951 1729 ad
990 1685 1063 1730 se
1102 1660 1393 1730 modico
1436 1660 1602 1731 satis
1642 1673 1806 1755 post
1843 1674 2171 1756 tempore
2203 1660 2460 1732 factam
2480 1664 2524 1753 ¹,

378 1800 519 1874 pro
556 1774 767 1847 nobis
800 1776 945 1868 regi
992 1800 1256 1871 magno
1294 1800 1462 1846 cum
1494 1775 1756 1846 affectu
1792 1774 2014 1845 verba
2051 1776 2272 1847 semel
2315 1792 2532 1871 atque

381 1893 669 1985 iterum,
709 1916 843 1989 pro
879 1916 1007 1964 sua
1039 1892 1310 1986 ingenti
1348 1892 1437 1962 ad
1480 1916 1615 1962 nos
1648 1892 1975 1981 caritate,
2017 1893 2166 1990 ipse
2200 1892 2532 1963 illustris-

380 2009 603 2079 simus
637 2008 782 2079 dux
830 2008 1113 2100 faceret,
1152 2033 1462 2105 eumque
1499 2007 1962 2080 vehementer
1996 2025 2381 2106 premeret,
2426 2010 2531 2081 di-

380 2150 555 2196 cens
598 2149 674 2195 se
717 2124 919 2196 nullo
950 2125 1176 2195 modo
1209 2124 1606 2223 plenariam
1642 2139 1964 2195 nostram
2007 2126 2530 2199 restitutionem

381 2243 704 2314 abnuere
755 2266 1007 2341 posse,
1048 2266 1267 2339 quam
1313 2241 1449 2312 sibi
1501 2241 1574 2312 iu
1616 2240 1883 2311 foedere
1935 2242 2532 2314 reconciliationis

382 2358 872 2456 plenissimam
900 2382 1034 2454 pro
1064 2357 1402 2427 omnibus
1429 2357 1552 2452 qui
1571 2356 1893 2453 partibus
1911 2358 2054 2428 suis
2077 2358 2530 2430 adhaesissent

383 2476 498 2546 vel
532 2476 899 2566 favissent,
940 2499 1013 2544 se
1053 2474 1407 2546 facturum
1457 2488 1906 2545 sacramento
1955 2474 2359 2565 firmasset'‚
2409 2502 2529 2546 rex

384 2591 479 2661 de
525 2589 941 2686 hujusmodi
995 2591 1067 2659 in
1120 2614 1370 2660 necem
1416 2590 1567 2684 ejus
1618 2589 2151 2661 machinatione
2186 2617 2320 2663 nec
2355 2606 2531 2663 tunc

386 2730 523 2777 nec
560 2722 809 2803 postea
852 2704 1154 2776 verbum
1212 2707 1478 2792 ullum,
1530 2707 1731 2801 quod
1781 2731 1991 2779 nosse
2044 2710 2525 2804 potuerimus,

387 2820 579 2912 fecit,
608 2822 773 2893 licet
800 2823 1318 2893 restitutionem
1356 2822 1565 2894 nobis
1596 2823 1822 2893 facere
1849 2824 2096 2917 (quam
2125 2823 2317 2894 idem
2344 2826 2534 2895 illus-

388 2938 737 3008 trissimus
768 2938 913 3007 dux
962 2939 1129 3009 totis
1183 2936 1752 3035 prosequebatur
1796 2939 2103 3031 viribus,
2148 2942 2532 3013 certissime

387 3078 833 3148 cognoscens
873 3056 982 3124 sui
1036 3055 1254 3125 solius
1303 3077 1515 3125 causa
1568 3055 1749 3148 regis
1798 3080 1929 3125 nos
1973 3056 2376 3127 inimicitias
2424 3058 2530 3127 in-

388 3171 723 3261 currisse,
763 3185 833 3241 et
883 3195 1176 3239 omnem
1226 3193 1445 3265 quam
1497 3168 1940 3240 subici-amus
1995 3173 2532 3268 proscriptionis

390 3287 727 3382 injuriam
769 3288 1275 3383 bonorumque
1313 3288 1661 3383 jacturam
1700 3289 1808 3359 sui
1854 3290 2074 3382 gratia
2121 3290 2329 3360 fuisse
2378 3317 2533 3387 per-

390 3404 665 3501 pessos)
699 3405 1257 3501 pertinacissime
1307 3405 1678 3495 recusarit,
1729 3429 1874 3475 non
1927 3406 2191 3476 veritus
2238 3421 2385 3477 tam
2423 3432 2532 3475 so-

392 3520 723 3591 lemniter
765 3544 809 3592 a
852 3545 927 3591 se
968 3521 1321 3618 promissa
1361 3536 1431 3591 et
1473 3534 1920 3593 sacramento
1961 3520 2336 3620 roborata,
2383 3546 2530 3592 non

480 3865 538 3919 1.
585 3866 676 3919 Au
705 3860 849 3919 mois
882 3860 954 3919 de
988 3858 1314 3937 septembre
1344 3861 1526 3919 1469.

478 3959 539 4013 2.
585 3955 846 4014 Allusion
874 3958 905 4009 ἐι
933 3953 1252 4012 l’abolition
1289 3954 1557 4031 gencrale
1584 3975 1697 4031 quc
1728 3954 1781 4012 le
1811 3952 1898 4012 roi
1933 3954 2178 4013 accorda
2210 3974 2324 4012 aux
2355 3954 2529 4012 adhc-

400 4063 557 4107 rents
588 4050 665 4108 du
698 4049 1004 4109 ci-devant
1052 4049 1162 4106 duc
1201 4049 1273 4105 dc
1309 4050 1690 4119 Normandie,
1734 4069 1838 4127 par
1865 4050 2059 4106 lettres
2097 4061 2355 4125 patentes
2382 4047 2531 4104 don-

397 4148 537 4204 nees
557 4150 587 4202 ὸ
602 4144 829 4223 Beauge
848 4164 921 4201 au
942 4143 1083 4201 mois
1108 4144 1179 4201 de
1209 4143 1321 4200 mai
1348 4146 1521 4201 1469.
1551 4144 2176 4219 Lenglct-Dul'rcsnoy,
2197 4146 2528 4211 commines,

402 4254 443 4298 t.
478 4244 587 4312 111,
622 4262 679 4317 p.
719 4244 856 4297 103.
