3400 5417
1114 463 1332 522 LIBER
1373 464 1672 522 anns.
2336 462 2454 520 255

355 598 565 668 nitum
611 608 822 690 atque
869 591 1422 688 redintegratum
1444 651 1463 686 ,
1521 596 1762 689 ejectis
1814 618 2103 692 prorsus
2160 593 2459 689 Anglicis

356 727 486 784 tam
515 734 596 782 ex
631 709 1069 782 Normannia
1108 732 1328 804 quam
1379 711 1788 806 Aquitania,
1844 725 2195 804 quantum
2240 733 2285 782 a
2318 725 2456 781 tre·

351 823 554 898 centis
614 824 832 898 ferme
899 824 1104 896 annis
1167 823 1571 915 exstitisset,
1632 824 1709 896 in
1740 847 1963 918 regno
1996 823 2269 898 nullam
2306 824 2457 920 jam

351 964 618 1014 manere
657 937 1222 1012 inobedientiam
1255 953 1376 1010 aut
1417 938 1827 1012 rebellionis
1854 964 1981 1013 seu
2011 939 2459 1014 discessionis

348 1055 830 1153 suspicionem.
901 1058 1081 1128 Nam
1116 1075 1276 1150 quae
1297 1107 1317 1142 ‚
1382 1055 1664 1128 vivente
1716 1067 1933 1152 atque
1986 1057 2061 1128 in
2123 1055 2459 1130 humanis

346 1187 575 1266 agente
637 1186 708 1244 et
761 1171 1157 1268 imperante
1215 1169 1366 1265 ejus
1416 1171 1733 1264 genitore
1752 1225 1772 1262 ‚
1832 1169 2072 1244 adhuc
2127 1169 2351 1244 foveri
2388 1187 2458 1245 et

347 1286 582 1360 minari
635 1283 1102 1373 videbantur,
1165 1297 1236 1358 et
1297 1283 1648 1380 quidquid
1693 1284 1976 1358 latentis
2031 1284 2182 1357 odii
2244 1302 2457 1383 atque

344 1401 761 1493 acerbitatiS‚
811 1397 1222 1473 diffidentiae
1270 1414 1484 1495 atque
1519 1400 1977 1497 suspicioniS,
2034 1402 2453 1495 inimicitiae,

343 1519 856 1617 indignationis,
889 1519 1359 1591 aemulationis
1386 1544 1506 1589 seu
1544 1518 1947 1590 invidentiae
1975 1520 2159 1591 inter
2189 1521 2457 1614 regiam

343 1635 624 1709 domum
661 1652 731 1708 et
785 1635 1128 1708 illustrem
1190 1634 1779 1729 Burgundionum
1819 1635 2301 1732 principatum
2345 1660 2459 1707 su·

341 1777 599 1848 peresse
645 1751 884 1823 adhuc
919 1749 1294 1822 videbatur
1328 1747 1666 1847 (propter
1716 1774 1936 1845 quam
1986 1748 2456 1823 evincendam

341 1869 700 1940 necessitas
744 1865 1073 1964 quaedam
1120 1863 1649 1936 obtendebatur
1685 1879 1957 1938 tantam
1996 1865 2319 1936 militiam
2362 1867 2457 1939 ad

337 1983 674 2080 stipendia
722 1980 1084 2054 ordinaria
1138 1981 1464 2071 retineri,
1515 1994 1587 2050 et
1635 1995 1744 2052 tot
1787 1979 2237 2076 magnatibus
2276 1981 2455 2053 infe-

339 2100 734 2197 riorumque
767 2099 1116 2195 graduum
1148 2097 1566 2169 hominibus
1603 2098 1982 2195 pensiones
2008 2099 2450 2191 continuari,

339 2213 426 2286 ob
453 2240 625 2310 quas
681 2215 1190 2313 dependendas
1241 2215 1592 2311 populum
1630 2214 1826 2307 regni
1878 2228 2024 2285 tam
2070 2213 2456 2308 grandibus

337 2331 754 2404 tributorum
823 2347 1034 2427 atque
1107 2331 1553 2426 vectigalium
1609 2329 1951 2402 oneribus
2010 2354 2457 2425 consequens

337 2462 476 2520 erat
500 2448 758 2521 durare
791 2449 1158 2542 fatigatum
1185 2461 1254 2516 et
1271 2447 1749 2543 oppressum),
1778 2447 1925 2541 jam
1951 2447 2197 2518 omnia
2224 2471 2453 2518 emor-

336 2576 478 2655 tua,
519 2579 588 2635 et
635 2590 787 2634 non
825 2563 1046 2634 modo
1098 2563 1362 2659 sopita,
1415 2561 1539 2632 sed
1591 2586 1880 2659 prorsus
1933 2563 2274 2634 exstincta
2306 2588 2454 2635 esse

335 2679 875 2750 ostendebamus
908 2695 977 2749 et
1012 2678 1281 2774 absque
1321 2678 1463 2747 ulla
1513 2678 1951 2749 ha³sitatione
1997 2679 2445 2776 putabamus.

334 2795 496 2880 Quis
527 2796 722 2864 enim
758 2810 927 2865 tunc
964 2819 1108 2867 non
1137 2795 1293 2888 jure
1337 2795 1732 2888 meritoque
1771 2793 2181 2866 credidisset
2221 2799 2453 2892 ipsum

331 2909 766 2981 Ludovicum
795 2935 1073 2980 summa
1105 2907 1456 3004 quadam,
1500 2923 1840 3006 perpetua
1870 2925 2080 3004 atque
2115 2912 2449 2982 inexstin-

333 3025 562 3118 guibili
614 3027 904 3098 caritate
941 3041 1004 3095 et
1059 3023 1561 3096 benevolentia
1617 3025 1710 3094 ad
1759 3026 2097 3096 illustrem
2141 3031 2455 3121 Burgun-

331 3140 620 3214 dionum
669 3142 1076 3240 principum
1113 3142 1414 3213 domum
1451 3140 1863 3215 devinctum
1917 3142 2064 3212 sore
2108 3158 2177 3213 et
2223 3146 2454 3240 agglu-

333 3256 658 3350 tinatum,
714 3283 756 3332 a
796 3257 1058 3354 quibus
1091 3273 1196 3329 tot
1244 3258 1743 3350 humanitatis,
1803 3272 1907 3328 tot
1937 3258 2453 3332 benevolentiae

329 3387 528 3470 atque
589 3374 1078 3446 beneficentia*
1146 3375 1447 3470 pignora
1509 3390 1948 3472 susceperat,
2024 3400 2189 3444 cum
2250 3391 2451 3448 tanto

329 3491 512 3562 exsul
549 3489 1096 3587 quodammodo
1132 3504 1202 3560 et
1238 3491 1577 3587 profugus
1605 3491 1695 3562 ab
1734 3492 1899 3588 ipsis
1934 3491 2173 3562 favore
2204 3517 2454 3592 excep-

329 3616 465 3696 tus,
504 3621 703 3678 tanta
747 3605 1186 3700 indulgentia
1228 3606 1376 3702 ipse
1427 3622 1496 3678 et
1543 3607 1693 3702 ejus
1744 3606 2055 3701 conjunx
2093 3631 2258 3680 cum
2304 3624 2454 3681 tota

329 3717 584 3793 familia
617 3721 827 3792 alitus
872 3736 941 3792 et
975 3722 1338 3810 confotuS,
1381 3735 1573 3792 tanta
1607 3748 1773 3792 cum
1807 3723 2199 3795 reverentia
2241 3737 2453 3818 atque

329 3833 777 3910 observantia
824 3850 1283 3908 conservatus
1332 3852 1544 3932 atque
1579 3836 2027 3910 honoratus?
2065 3841 2223 3909 Non
2259 3839 2451 3910 enim

326 3949 519 4024 facile
581 3954 744 4050 quis
803 3968 974 4026 tunc
1032 3954 1427 4025 existimare
1488 3955 1829 4051 potuisset
1884 3970 1990 4027 tot
2050 3955 2452 4027 officiorum

324 4082 528 4164 atque
563 4068 1086 4139 beneficiorum
1131 4071 1203 4140 in
1249 4095 1682 4166 quemquam
1728 4071 2206 4142 exhibitorum
2245 4098 2450 4168 posse

329 4183 466 4253 ullo
503 4210 833 4280 unquam
875 4200 1195 4282 tempore
1224 4185 1535 4280 aliquem
1562 4185 1909 4257 oblivisci.
1941 4188 2119 4259 Nam
2147 4201 2217 4258 et
2252 4186 2447 4281 quod
