3400 5417
1008 531 1121 585 356
1848 524 2228 582 APOLOGIA
2253 564 2271 593 ,

1012 690 1046 727 ι(
1096 658 1287 750 Vidi,
1342 688 1376 725 ι»
1427 657 1659 755 inquit
1701 671 1988 728 sanctus
2035 654 2200 750 Job,
2246 684 2285 723 «
2325 658 2642 751 gigantes
2675 680 2955 753 gemere
3004 656 3123 729 sub

1006 776 1236 874 aquis,
1283 803 1319 843 n
1357 775 1433 846 id
1466 790 1571 846 est
1598 772 1733 845 sub
1768 797 1967 868 cura,
2005 772 2254 846 labore
2284 787 2358 845 et
2383 772 2783 844 innumeris
2811 772 3130 846 sollicitu-

1003 891 1329 985 dinibus,
1378 915 1535 988 quae
1582 890 1980 961 necessario
2027 889 2389 961 cohaerent
2426 888 2754 984 regimini
2805 903 2878 959 et
2913 888 3128 961 admi·-

1002 1008 1400 1080 nistrationi
1435 1006 1873 1105 populorum
1904 1033 1920 1077 :
1965 1008 2279 1103 gigantes
2314 1005 2685 1103 appellans
2722 1004 3128 1077 sublimatos

1000 1124 1075 1195 in
1104 1121 1593 1219 dignitatibus,
1624 1120 1888 1218 quibus
1916 1147 2102 1193 onus
2131 1136 2200 1193 et
2230 1145 2406 1194 cura
2437 1120 2875 1193 incumbunt
2897 1146 3127 1217 regen-

1000 1239 1265 1311 dorum
1298 1240 1761 1339 populorum.

1096 1362 1253 1428 Hoc
1289 1371 1529 1428 autem
1575 1355 1786 1427 latius
1833 1350 1978 1427 hoc
2018 1354 2183 1426 loco
2229 1356 2634 1454 approbare
2682 1355 2895 1443 velle,
2948 1355 3132 1451 quod

998 1474 1325 1545 videlicet
1354 1472 1732 1567 dignitates
1762 1471 2271 1569 honorumque
2307 1472 2816 1571 temporalium
2843 1472 3122 1567 fastigia,

994 1614 1120 1660 seu
1155 1591 1226 1659 in
1262 1589 1748 1661 ecclesiasticis
1786 1612 1912 1660 seu
1943 1589 2018 1658 in
2046 1588 2563 1686 temporalibus
2596 1588 3128 1660 administratio-

996 1706 1245 1799 nibuS,
1308 1706 1806 1777 divitiarumve
1867 1720 1938 1778 et
1989 1721 2436 1778 terrenarum
2479 1730 2717 1804 ‚opum
2778 1706 3127 1778 affluentia

996 1837 1209 1919 atque
1258 1821 1703 1894 abundantia
1748 1823 2045 1893 minime
2096 1821 2347 1897 beatos
2394 1821 2745 1913 efficiant,
2806 1846 3127 1919 superva-

996 1964 1214 2010 cuum
1265 1951 1713 2035 reputamus,
1762 1964 1930 2009 cum
1971 1938 2114 2009 hoc
2151 1940 2444 2037 copiose
2477 1954 2547 2010 et
2589 1939 3129 2010 luculentissime

997 2056 1192 2154 apud
1246 2052 1625 2124 Boethium
1676 2054 2135 2152 philosophia
2181 2055 2512 2126 ostendat
2551 2070 2622 2125 et
2657 2056 3126 2137 demonstret,

997 2173 1070 2242 in
1141 2169 1343 2240 libris
1413 2172 1518 2238 De
1598 2170 2090 2239 consolatione
2166 2169 2688 2267 philosophiae3
2775 2170 3130 2265 multoque

995 2288 1211 2359 etiam
1260 2285 1541 2383 plenius
1591 2300 1804 2381 atque
1854 2286 2146 2357 uberius
2186 2286 2276 2357 de
2319 2285 2572 2357 eadem
2605 2311 2682 2357 re
2714 2286 3132 2384 perpulchre

997 2405 1346 2476 disserens
1383 2404 1722 2497 Poggius,
1766 2420 2008 2474 orator
2045 2404 2468 2474 florentinus
2510 2405 2734 2474 nostri
2772 2404 3128 2502 temporis,

997 2522 1070 2591 in
1111 2520 1295 2590 libro
1343 2543 1558 2615 quem
1602 2518 1828 2588 edidit
1868 2524 1975 2588 De
2022 2520 2427 2591 infelicitate
2469 2519 2911 2617 principum.
2961 2519 3134 2607 Quid

997 2636 1191 2706 enim
1258 2633 1450 2705 aliud
1529 2650 1799 2703 canunt
1869 2649 2189 2704 veterum
2257 2635 2675 2733 conscriptae
2741 2634 3130 2730 tragoediae,

998 2751 1171 2847 quid
1232 2752 1589 2841 historiae,
1648 2775 1824 2846 quas
1884 2751 1974 2821 de
2036 2752 2413 2821 illustrium
2475 2753 2800 2822 virorum
2865 2750 3136 2823 casibus

999 2869 1458 2965 quamplures
1490 2882 1762 2937 veteres
1793 2869 2364 2964 recentioresque
2394 2866 2960 2965 historiographi
2982 2893 3136 2937 con·

998 2986 1462 3080 scripserunt,
1538 3008 1758 3079 quam
1827 2983 2141 3055 infelices
2216 2985 2652 3079 miserosque
2718 2999 2789 3056 et
2847 2985 3134 3056 calami-

1002 3113 1194 3170 tosos
1231 3100 1458 3170 exitus
1504 3124 1758 3171 eorum
1793 3101 1915 3195 qui
1952 3101 2278 3171 maximis
2312 3101 2703 3197 aliquando
2737 3101 2953 3198 potiti
2988 3116 3134 3172 sunt

1002 3217 1454 3289 honoribus?
1530 3221 1533 3229 ’

1102 3338 1201 3405 Ex
1254 3336 1515 3431 quibus
1566 3336 1842 3431 liquido
1893 3350 1960 3405 ct
2013 3335 2379 3406 evidenter
2433 3338 2708 3407 cunctis
2770 3339 3014 3435 palam
3069 3337 3136 3407 fit

1006 3451 1203 3545 quod
1262 3455 1619 3523 neminem
1678 3452 2092 3547 hujusmodi
2147 3452 2461 3524 honores
2506 3469 2719 3549 atque
2766 3454 3133 3549 dignitates

1005 3568 1296 3639 beatum
1328 3570 1671 3656 efficiunt,
1708 3570 1832 3640 sed
1863 3572 2139 3664 magnis
2169 3572 2404 3668 potius
2431 3597 2688 3643 eorum
2707 3596 3135 3669 possessores

1004 3686 1375 3781 implicant
1410 3702 1621 3781 atque
1659 3687 2167 3758 molestissimis
2214 3690 2434 3777 curis,
2481 3705 2554 3759 et
2596 3688 3040 3787 frequentius
3068 3690 3134 3758 in

1010 3802 1354 3877 maximas
1383 3804 1824 3876 infelicitates
1859 3820 1927 3875 et
1957 3807 2272 3877 miserias
2304 3807 2721 3879 detrudunt.
