3400 5417
1112 492 1331 547 LIBER
1370 490 1785 551 SECUNDUS.
2405 491 2519 551 35⁰

477 621 1114 713 Quemadmodum
1176 647 1349 699 sane
1418 623 1823 700 honoribus
1881 636 2010 695 aut
2063 619 2525 718 dignitatibus

372 743 749 840 fungendo
792 758 865 815 et
916 744 1273 843 potiundo
1320 770 1473 817 non
1508 743 1952 819 extolluntur
1999 767 2133 817 nec
2182 742 2528 816 inflantur

370 860 587 954 boni,
650 860 779 935 sed
828 861 973 935 hoc
1024 861 1259 935 solum
1306 862 1383 933 in
1430 861 1850 957 hujusmodi
1891 861 2356 959 provectione
2399 886 2528 935 sua

372 992 622 1049 amant
641 1033 661 1066 ,
711 977 909 1074 quod
965 979 1157 1051 nacti
1206 1001 1359 1051 esse
1415 977 1748 1050 videntur
1797 978 2250 1053 occasionem
2311 992 2528 1075 atque

374 1094 753 1167 materiam
788 1118 932 1192 qua
966 1093 1294 1194 pluribus
1340 1095 1679 1192 prodesse
1720 1094 1998 1193 possint
2027 1093 2529 1192 malorumque

372 1208 729 1308 improbis
767 1233 852 1282 ac
885 1208 1213 1281 nefandis
1243 1208 1585 1283 obsistere
1618 1209 2033 1303 conatibus,
2072 1210 2171 1282 ita
2205 1211 2528 1309 profecto

374 1349 515 1397 nec
556 1350 814 1399 eorum
865 1325 1251 1398 amissione
1302 1342 1430 1398 aut
1478 1327 1882 1425 dejectione
1940 1326 2366 1423 franguntur
2419 1327 2528 1401 vel

375 1442 830 1531 cruciantur;
870 1439 996 1513 sed
1036 1466 1208 1513 cum
1253 1442 1509 1538 dejecti
1550 1444 1664 1515 vel
1700 1442 2037 1542 perfracti
2089 1467 2243 1519 esse
2275 1458 2534 1541 putan-

376 1572 521 1649 tur,
558 1559 1031 1631 nihilominus
1066 1557 1314 1630 invicti
1350 1575 1671 1633 manent.
1724 1565 1818 1631 Ut
1857 1561 2053 1633 enim
2099 1560 2534 1654 Augustinus

374 1676 613 1773 inquit
637 1677 713 1749 in
740 1675 930 1749 libro
963 1681 1066 1749 De
1098 1701 1269 1750 vera
1297 1677 1639 1773 religione
1661 1733 1680 1769 ,
1725 1706 1760 1745 α
1799 1677 1927 1773 qui
1960 1676 2034 1748 id
2071 1676 2306 1749 solum
2340 1693 2534 1751 amat

374 1792 579 1889 quod
600 1793 869 1865 amanti
896 1793 1074 1891 eripi
1094 1817 1245 1864 non
1273 1806 1533 1891 potest,
1553 1792 1673 1863 ille
1699 1789 2196 1864 indubitanter
2225 1791 2532 1871 invictus

375 1925 508 1983 est.
538 1938 576 1980 »
602 1909 899 2009 Sapiens
925 1926 1193 2000 autem,
1224 1911 1447 2006 quiet
1474 1934 1624 1981 non
1651 1908 1789 1980 nisi
1811 1906 2053 1979 bonus
2080 1933 2230 1981 esse
2263 1922 2524 2007 potest,

373 2041 653 2099 certum
690 2041 798 2097 est
838 2026 1038 2122 quod
1082 2028 1185 2097 nil
1219 2027 1417 2099 aliud
1451 2041 1647 2098 amat
1678 2025 1816 2097 nisi
1855 2050 2222 2097 summum
2259 2040 2333 2098 et
2371 2050 2532 2124 per·

375 2139 641 2213 fectum
677 2141 995 2234 bonum,
1034 2142 1147 2211 vel
1192 2142 1328 2213 nisi
1371 2156 1667 2240 propter
1708 2142 1945 2239 ipsum
1978 2139 2176 2237 quod
2215 2142 2394 2239 eripi
2431 2141 2527 2213 ab

373 2281 468 2328 eo
524 2258 932 2330 nullatenus
981 2270 1237 2354 potest.
1304 2260 1793 2353 Quaecumque
1845 2257 2062 2352 igitur
2104 2257 2530 2356 temporalia

370 2373 507 2443 ista
553 2372 855 2461 amittat,
902 2396 1059 2468 quae
1097 2373 1310 2467 vulgo
1340 2397 1687 2470 prospera
1728 2372 2092 2463 dicuntur,
2144 2398 2312 2447 cum
2348 2372 2528 2445 illud

370 2490 613 2571 solum
645 2489 847 2585 quod
879 2504 1112 2580 amat,
1162 2514 1526 2563 summum
1567 2504 1638 2561 et
1680 2491 2351 2563 excellentissimum
2391 2489 2526 2565 bo·

375 2629 556 2678 num
588 2630 740 2677 non
775 2605 1077 2695 amittat,
1118 2607 1370 2704 procul
1398 2604 1653 2698 dubio,
1686 2607 1908 2683 etiam
1930 2607 2526 2704 quantiscumque

374 2721 960 2797 tribulationibus
1016 2739 1142 2797 aut
1197 2724 1816 2821 persecutionibus
1871 2724 2249 2797 afflictetur
2311 2738 2526 2820 atque

372 2840 707 2936 agitetur,
749 2868 907 2939 quae
958 2866 1070 2913 res
1112 2840 1423 2913 adversae
1460 2856 1832 2940 putantur,
1883 2865 2168 2940 semper
2219 2839 2527 2913 invictus

376 2972 624 3030 manet
645 3014 663 3050 ,

651 3119 1131 3207 Fortunamque
1168 3136 1351 3183 tuens
1386 3135 1723 3208 utramque
1755 3136 1994 3192 rectuS,

380 3297 458 3353 ut
485 3280 784 3380 pulchre
823 3282 1158 3352 Boethius
1190 3281 1485 3375 cecinit,

650 3452 962 3516 Invictum
996 3451 1205 3539 potuit
1238 3467 1455 3517 tenere
1488 3452 1773 3531 vultum3

250 3679 261 3695 ·
378 3647 661 3703 tantum
722 3632 916 3703 enim
980 3631 1292 3701 tristatur
1348 3632 1648 3727 quisque
1716 3644 1784 3700 et
1850 3654 2001 3700 non
2067 3629 2374 3726 amplius
2435 3628 2525 3701 de

378 3750 706 3823 absentia
776 3763 847 3819 et
911 3748 1224 3820 carentia
1291 3748 1475 3844 ejus,
1542 3748 1742 3845 quod
1807 3747 2098 3836 amittit,
2175 3760 2525 3843 quantum

379 3870 640 3966 ipsum,
684 3892 851 3938 cum
879 3865 1180 3938 haberet
1214 3881 1284 3935 et
1324 3865 1745 3962 possideret,
1784 3864 2169 3936 adamavit.

481 3984 555 4053 Si
589 3984 801 4078 igitur
830 3982 936 4052 vir
966 3981 1232 4070 boum,
1263 3981 1384 4077 qui
1416 3981 1608 4051 solus
1642 3994 1711 4051 et
1751 3981 2059 4078 sapienS‚
2092 3978 2185 4049 ad
2213 3979 2529 4050 honores

380 4116 445 4171 et
508 4100 780 4195 fastigia
848 4100 1140 4169 istarum
1200 4097 1708 4195 temporalium
1775 4096 2475 4169 administrationum
2505 4148 2523 4178 ,

379 4216 595 4285 etiam
634 4240 801 4285 cum
838 4215 937 4285 eis
971 4214 1236 4285 utiliter
1270 4214 1592 4306 inservit,
1630 4238 1780 4285 non
1808 4212 2114 4285 afficitur
2148 4236 2275 4309 per
2309 4235 2526 4283 amo-
