3400 5417
1111 487 1334 549 mu
1383 486 1767 554 SEPTIMUS·
2363 489 2477 556 ¹59

351 631 794 708 remanente,
850 631 932 692 ut
977 641 1108 716 per
1155 617 1310 720 dies
1328 621 1346 657 ¹
1392 617 1485 694 de
1537 619 1997 695 reformanda
2027 635 2125 694 -et
2164 623 2481 694 reconci-

347 735 582 812 lianda
622 759 802 834 pace
847 734 1084 811 nullus
1137 760 1373 810 sermo
1403 738 1690 836 penitus
1716 736 2126 824 haberetur.
2174 739 2484 814 Retinuit

345 868 580 928 autem
635 855 786 952 ipse
833 853 979 936 dux
1034 852 1497 931 domicellum
1552 856 1642 928 de
1691 856 1908 929 clivis
1952 856 2313 956 captivum
2332 910 2352 947 ,
2411 872 2483 936 et

347 969 744 1045 Gerardum
789 968 1320 1066 Zondenbalclc,
1363 955 1991 1068 burgimagistrum
2008 976 2054 1066 ³,
2107 998 2337 1049 unum
2394 1001 2481 1050 ex

347 1086 616 1163 civibus
647 1089 776 1184 qui
811 1112 887 1163 se
920 1087 1116 1186 apud
1152 1113 1356 1178 eum,
1408 1103 1489 1161 ut
1536 1089 1978 1186 praemissum
2019 1105 2159 1182 est,
2197 1089 2483 1168 obsides

346 1204 881 1279 constituerant.
932 1207 1250 1276 Fuerunt
1295 1219 1538 1278 tamen
1599 1205 1726 1301 qui
1767 1203 2089 1279 dicerent
2141 1205 2483 1300 injustum

346 1320 552 1396 fuisse
587 1343 715 1394 eos
746 1320 848 1392 sic
880 1321 1184 1402 retinere
1204 1374 1223 1410 ,
1267 1344 1402 1395 nec
1435 1321 1868 1419 promissam
1900 1322 2001 1394 eis
2032 1323 2483 1400 securitatem

345 1434 470 1511 rite
507 1434 720 1510 fuisse
764 1451 1143 1510 servatam.
1197 1436 1450 1525 Quod,
1494 1438 1618 1533 qui
1667 1437 1743 1509 in
1785 1452 2113 1510 neutram
2160 1453 2477 1535 partem,

345 1550 465 1630 sed
498 1551 846 1646 justitiam
885 1551 1255 1626 dumtaxat
1287 1551 1807 1642 afficiebantur,
1852 1554 2054 1628 aliter
2099 1578 2249 1626 esse
2298 1580 2483 1631 asse·

347 1667 621 1742 rebant.
703 1671 1018 1745 Fuerunt
1066 1669 1282 1744 etiam
1341 1668 1466 1764 qui
1537 1669 1860 1742 dicerent
1922 1694 2050 1767 per
2108 1670 2483 1769 praedictos

345 1807 412 1864 et
457 1793 843 1866 dominum
887 1793 981 1866 de
1038 1797 1398 1891 Montfort
1441 1792 1931 1866 machinatum
1980 1793 2189 1866 fuisse
2232 1795 2483 1871 dolum

345 1921 414 1992 in
442 1921 871 2018 principem,
909 1943 1153 2015 quem,
1192 1920 1251 1989 si
1284 1919 1641 1990 civitatem
1675 1943 1841 1990 cum
1873 1918 1991 1990 illa
2021 1943 2243 1996 manu
2281 1921 2484 1992 dum-

347 2052 530 2109 taxat
580 2061 802 2134 quam
852 2050 1334 2134 poposcerant
1399 2035 1640 2106 fuisset
1691 2036 2081 2130 ingressu3‚
2141 2038 2483 2132 appositis

348 2155 622 2226 occulte
693 2154 769 2223 in
834 2153 1044 2224 certis
1107 2149 1382 2222 aedibus
1450 2150 1764 2239 insidiis,
1835 2151 2350 2223 circumvenire
2413 2170 2483 2226 et

345 2271 691 2368 perimere
726 2294 893 2340 cum
925 2269 1069 2340 suis
1107 2267 1581 2338 decrevissent
1623 2296 1640 2335 ε
1680 2269 1805 2363 qui
1844 2267 2052 2338 dolus
2084 2291 2127 2338 a
2163 2268 2480 2363 quodam

348 2389 704 2483 transfuga
752 2409 921 2456 cum
975 2385 1280 2483 principi
1337 2382 1578 2454 fuisset
1649 2383 2048 2473 nuntiatus,
2107 2382 2483 2479 praedictos

347 2502 522 2573 duos
545 2505 850 2598 jusserat
873 2501 1192 2596 captivos
1221 2499 1561 2571 asservari
1594 2513 1666 2569 et
1682 2499 1761 2568 in
1791 2522 2148 2568 carcerem
2177 2499 2473 2570 recludi.

437 2619 634 2705 Quid
665 2632 906 2689 autem
933 2616 1023 2686 de
1051 2616 1162 2686 his
1189 2616 1428 2712 potius
1460 2639 1714 2684 verum
1749 2613 1897 2684 fore
1921 2614 2362 2685 credendum
2396 2617 2484 2688 sit

347 2733 651 2805 diffinire
683 2758 834 2803 non
867 2732 1381 2830 praesumimu3‚
1423 2731 1621 2827 quod
1648 2755 1798 2802 non
1832 2731 1997 2802 satis
2032 2747 2481 2829 compertum

344 2850 717 2923 habemus.
760 2855 814 2919 A
850 2849 1214 2919 nonnullis
1246 2848 1441 2918 enim
1464 2848 1589 2938 sie,
1618 2846 1711 2919 ab
1743 2848 1895 2918 aliis
1923 2847 2127 2919 aliter
2150 2874 2260 2920 res
2294 2865 2484 2944 gesta

345 2967 546 3040 fuisse
579 2966 1035 3039 narrabatur.
1089 2969 1378 3036 Certum
1430 2980 1711 3036 tantum
1760 2978 1902 3057 est,
1954 2982 2117 3062 post
2161 2966 2484 3062 hujusce·

345 3086 536 3157 modi
589 3098 1014 3156 attentatam
1059 3083 1658 3180 expugnationem
1701 3097 1773 3151 et
1822 3080 2323 3178 praedictorum
2359 3086 2483 3155 de-

342 3204 764 3294 tentionem,
803 3201 1101 3294 longum
1138 3199 1228 3269 de
1260 3224 1435 3296 pace
1465 3200 1825 3270 silentium
1860 3198 2250 3291 duravisse,
2284 3217 2352 3272 et
2389 3203 2481 3274 ad

343 3342 536 3390 arma
593 3332 671 3388 et
717 3315 1001 3386 hostilia
1061 3314 1572 3411 adparamenta
1622 3313 1931 3384 reditum
1979 3315 2340 3385 exstitisse.
2392 3317 2481 3385 Hi

341 3435 527 3506 enim
564 3434 697 3531 qui
727 3431 994 3503 obsessi
1023 3445 1251 3521 erant,
1286 3430 1446 3502 loca
1480 3431 1551 3499 in
1579 3427 1841 3526 quibus
1872 3431 2055 3499 muri
2082 3431 2296 3500 diruti
2329 3431 2478 3502 sue-

345 3566 522 3642 ram,
565 3548 944 3645 aggeribus
971 3563 1040 3617 et
1073 3547 1425 3643 repagulis
1462 3546 1757 3641 aliisque
1790 3545 2316 3642 impedimentis
2348 3547 2481 3618 far-

345 3668 690 3740 cieba11t³.
741 3667 883 3753 Qui
933 3689 1105 3734 vero
1151 3664 1320 3733 foris
1372 3663 1797 3757 adjacebant
1840 3689 1879 3731 e
1930 3663 2211 3734 diverso
2257 3688 2481 3734 novas

345 3798 610 3855 struere
655 3781 1026 3852 machinas
1073 3794 1143 3849 et
1189 3778 1476 3854 balistas
1525 3803 1803 3876 parare,
1848 3779 2107 3873 quibus
2149 3795 2378 3850 turres
2409 3794 2479 3850 et

347 3901 608 3972 moenia
641 3898 884 3968 denuo
920 3910 1407 3993 quaterentur.

422 4063 444 4115 1
465 4105 479 4118 .
527 4057 735 4118 Matth.
759 4061 975 4132 aliquot
998 4057 1144 4112 dles.

423 4156 482 4211 2.
527 4155 623 4212 Sic
651 4150 991 4220 Matthaeus;
1020 4147 1576 4224 but-gimagistmrum
1610 4145 1755 4206 dans
1782 4147 1837 4205 le
1863 4167 1972 4207 ms.

429 4249 486 4305 3.
531 4250 628 4305 Sic
653 4265 762 4304 ms,
797 4257 855 4302 et
879 4242 1201 4304 Matthaeus.
1233 4242 1530 4302 Peut-dtre
1553 4243 1893 4304 sarciebant.
