3400 5417
904 510 1015 567 368
1741 510 2119 565 APOLOGIA
2133 550 2149 578 ‚
2209 513 2223 527 “

1634 822 2156 893 CAPITULUM
2203 824 2292 891 V.

1575 1023 1759 1077 Tertia
1779 1023 1918 1076 ratio
1941 1022 2340 1075 consolationis.

996 1214 1137 1281 Nos
1179 1209 1395 1280 etiam
1430 1205 1737 1305 proinde
1784 1230 1934 1277 non
1986 1230 2246 1304 parum
2279 1206 2625 1278 felicitatis
2662 1230 2816 1278 esse
2851 1230 3034 1278 asse·

893 1340 1098 1397 cutos
1142 1337 1585 1423 reputantes,
1636 1322 1838 1418 quod
1885 1346 2023 1395 nec
2070 1322 2297 1395 oculis
2339 1338 2726 1421 tyrannum
2777 1322 3034 1394 intueri

895 1456 1105 1537 atque
1142 1440 1488 1537 inspicere
1523 1437 1954 1531 habeamus,
1991 1463 2126 1509 nec
2169 1438 2355 1512 mala
2401 1440 2520 1511 vix
2568 1438 3026 1531 enarrabilia,

893 1556 1155 1655 quibus
1200 1553 1334 1626 sub
1374 1555 1513 1626 isto
1558 1554 2009 1652 principante
2050 1556 2466 1627 universum
2511 1579 2816 1651 regnum
2848 1556 3031 1652 ejus-

892 1698 1031 1769 que
1065 1672 1355 1759 accolae,
1394 1694 1479 1742 ac
1524 1672 1890 1769 potissime
1923 1671 2296 1769 provincia
2327 1672 2821 1763 Normanniae,
2859 1672 3034 1743 affli-

894 1803 1155 1885 guntur
1188 1802 1259 1858 et
1288 1800 1710 1859 atteruntur.
1752 1791 1928 1873 Quae
1958 1803 2064 1859 est
2100 1790 2308 1861 tertia
2342 1788 2523 1859 ratio
2556 1788 2630 1858 in
2658 1788 2774 1860 his
2806 1790 3034 1887 pers‘e-

891 1904 1301 1978 cutionibus
1336 1902 1848 1973 consolationis
1881 1919 2162 1975 nostrae.

995 2057 1029 2092 c<
1064 2028 1221 2094 Non
1269 2021 1407 2093 alia
1442 2020 1518 2091 in
1560 2044 1773 2091 causa
1803 2050 1838 2087 υ
1879 2019 2112 2117 inquit
2147 2021 2423 2113 Cicero,
2464 2050 2500 2089 ι(
2537 2024 2824 2093 Marcus
2859 2026 3034 2095 Cato

894 2140 1049 2231 suit,
1090 2140 1225 2210 alia
1281 2138 1538 2226 caeteri,
1576 2137 1701 2233 qui
1748 2162 1821 2208 se
1867 2136 1942 2206 in
1995 2136 2218 2209 Africa
2258 2137 2511 2210 Caesari
2555 2137 3030 2211 tradiderunt.

890 2259 1154 2326 Tamen
1189 2255 1477 2345 Catoni,
1517 2252 1715 2348 quod
1753 2252 1888 2323 sibi
1926 2252 2419 2324 incredibilem
2465 2268 2722 2325 natura
2755 2255 3036 2326 tribuis-

893 2386 995 2441 set
1025 2372 1435 2465 grax'itatem
1468 2394 1774 2465 eamque
1796 2384 2142 2467 perpetua
2165 2370 2564 2442 constantia
2586 2368 3030 2463 roborasset,

894 2487 1353 2557 moriendum
1406 2486 1645 2583 potius
1698 2510 1918 2581 quam
1957 2486 2239 2581 tyranni
2269 2486 2506 2556 vultus
2550 2486 3034 2585 inspiciendus

893 2602 1048 2673 suit.
1097 2632 1130 2671 υ
1174 2608 1272 2673 Ex
1314 2628 1455 2700 qua
1488 2602 1811 2699 profecto
1847 2604 2194 2673 sententia
2226 2603 2463 2698 colligi
2489 2602 2654 2673 licet
2685 2629 2836 2674 non
2871 2630 3034 2702 par·

890 2742 1055 2788 vam
1089 2722 1386 2814 gratiam
1421 2719 1574 2788 viro
1619 2719 1812 2812 gravi
1847 2733 2060 2814 atque
2094 2720 2429 2816 sapienti,
2469 2720 2586 2790 cui
2620 2744 2766 2816 prae
2797 2722 3032 2792 omni-

887 2832 1025 2904 bus
1059 2838 1263 2906 malis
1312 2860 1557 2907 amore
1591 2835 1872 2931 justitiae
1913 2834 2362 2906 exsecrabilis
2409 2836 2732 2932 tyrannis
2763 2834 3036 2909 habea-

886 2966 1026 3040 tur,
1086 2951 1371 3022 allatam
1429 2977 1603 3039 esse,
1662 2950 1863 3047 quod
1916 2965 2226 3047 tyranno
2286 2976 2533 3022 coram
2585 2951 2868 3025 adstare
2927 2954 3036 3024 vel

887 3092 1050 3136 eum
1082 3070 1309 3139 oculis
1340 3069 1596 3138 intueri
1633 3094 1758 3138 seu
1793 3067 2169 3167 inspicere,
2213 3068 2421 3164 eique
2456 3093 2710 3166 parere
2740 3072 3034 3141 minime

886 3186 1380 3281 compellatur,
1442 3184 1735 3280 quando
1794 3183 2222 3254 occumbere
2277 3186 2515 3282 potius
2570 3209 2794 3281 quam
2837 3201 3034 3259 tanta

886 3302 1173 3398 percelli
1226 3301 1661 3391 infelicitate,
1716 3300 1913 3396 quod
1964 3301 2245 3395 tyranni
2292 3300 2671 3396 inspiceret
2721 3304 3026 3391 vultum,

883 3418 1163 3516 sapiens
1198 3422 1374 3489 Cato
1421 3417 1705 3513 delegit.
1751 3416 1919 3508 Qui,
1963 3417 2019 3486 si
2056 3414 2147 3486 ab
2183 3415 2323 3487 alio
2356 3416 2492 3487 sibi
2523 3441 2780 3489 necem
2813 3445 3032 3519 prop·

884 3551 1074 3607 terea
1123 3537 1520 3635 pertulisset
1584 3536 1887 3621 illatam,
1943 3561 2093 3606 non
2156 3535 2290 3606 sibi
2340 3536 2473 3633 ipsi
2536 3539 3027 3629 conscivisset,

886 3654 1137 3750 procul
1160 3653 1411 3747 dubio,
1446 3679 1575 3724 nec
1602 3652 2003 3723 christianis
2026 3652 2468 3751 temporibus
2486 3654 3028 3753 vituperandus,

897 3770 1020 3841 sed
1070 3772 1690 3843 commendandus
1724 3772 1962 3868 potius
2006 3773 2422 3870 magnisque
2453 3772 2788 3846 laudibus
2822 3786 3034 3871 atque

896 3887 1268 3985 praeconiis
1314 3888 1746 3959 attollendus
1798 3889 1999 3958 foret.
2039 3889 2245 3959 L'nde
2282 3890 2707 3988 perpulchre
2749 3909 3036 3964 sanctus

884 4004 1333 4099 Pygmenius,
1372 4004 1740 4101 presbyter
1777 4019 1846 4074 et
1871 4004 2127 4075 Christi
2163 4021 2430 4103 martyr
2461 4008 2836 4104 gloriosuS‚
2869 4036 3032 4081 cum

883 4124 1237 4219 corporali
1274 4150 1648 4223 percussus
1697 4125 2010 4196 caecitate
2058 4126 2419 4197 Julianum
2463 4143 2862 4225 apostatam
2899 4130 3030 4201 ob-

888 4240 1079 4309 vium
1120 4239 1481 4311 habuisset
1536 4240 1902 4311 sedentem
1956 4242 2026 4309 in
2084 4242 2307 4313 rheda
2344 4267 2560 4316 aurea
2611 4245 2844 4342 (cujus
2886 4247 3030 4345 ipse
