3400 5417
1085 537 1310 593 unm
1350 537 1733 594 SEPTIMUS.
2372 537 2487 595 1³⁹

373 684 574 743 tatem
613 667 849 740 redire
865 722 886 758 ,
933 668 1062 740 sed
1094 669 1408 768 propriis
1431 668 1701 742 laribus
1732 669 1995 742 relictis
2009 725 2029 763 ‚
2078 670 2329 768 inopia
2370 696 2489 742 ur—

369 797 595 881 gente,
631 806 783 854 sese
836 781 931 855 ad
978 781 1254 880 oppida
1301 783 1847 878 transyssellana
1868 786 1921 872 ¹,
1959 798 2082 854 aut
2126 783 2301 876 alia,
2342 809 2489 882 quo

369 899 746 998 potuissent
764 954 784 989 ,
837 897 1218 970 transferre
1238 951 1258 986 ,
1308 896 1809 992 hujuscemodi
1837 900 2129 995 tyranni
2161 901 2345 971 ultra
2394 901 2491 971 ci-

369 1039 478 1086 ves
548 1012 640 1085 ad
691 1012 1250 1085 conducendum
1297 1036 1666 1084 annonam
1726 1013 1915 1084 exire
1962 1015 2261 1086 minime
2330 1039 2491 1113 per-

367 1130 736 1218 miserunt3
776 1130 903 1202 sed
948 1130 1093 1202 hoc
1135 1131 1443 1202 rutheris
1487 1131 1633 1202 suis
1679 1131 2049 1203 dumtaxat
2084 1131 2489 1204 faciendum

367 1249 790 1344 reliquerunt
806 1304 826 1342 ‚
858 1272 1170 1346 quorum
1196 1263 1436 1320 tamen
1461 1253 1484 1288 ⁸
1516 1273 1899 1319 numerum
1924 1249 2272 1345 majorem
2301 1250 2489 1321 intra

365 1365 707 1437 civitatem
739 1388 1021 1462 semper
1050 1378 1405 1436 retentare
1436 1362 1790 1434 solebant.

1077 1634 1599 1703 CAptTULUM·
1659 1634 1779 1701 111.

362 1818 430 1870 D·
451 1815 809 1870 commotione
833 1815 1254 1886 Trajectemium
1278 1829 1464 1868 contra
1492 1834 1614 1867 suos
1636 1828 1911 1887 tyrannos,
1940 1827 1991 1866 et
2013 1813 2081 1867 de
2099 1834 2287 1870 eorum
2310 1817 2487 1871 incar-

702 1908 992 1982 ceratione,
1019 1920 1068 1959 et
1094 1905 1372 1976 quomodo
1391 1925 1499 1959 sese
1518 1906 1819 1959 stultissime
1844 1918 2063 1976 egerunt
2093 1905 2134 1956 ⁸.

447 2063 960 2136 Desiderabant
1005 2079 1246 2135 autern
1297 2079 1367 2135 et
1419 2062 1919 2136 acclamabant
1977 2087 2181 2160 paene
2238 2090 2489 2136 omnes

355 2202 624 2274 pacem,
651 2195 722 2251 et
752 2204 1104 2276 eousque,
1132 2204 1283 2250 uno
1303 2179 1447 2266 die,
1483 2195 1909 2277 perventum
1934 2195 2039 2251 est
2076 2179 2311 2276 quod,
2344 2181 2492 2251 col·

357 2293 521 2367 lecta
551 2295 1010 2367 mullitudine
1041 2297 1287 2393 populi
1321 2298 1394 2367 in
1432 2299 1684 2385 armiS,
1727 2296 1857 2393 ipsi
1906 2296 2185 2393 aliquos
2220 2296 2313 2368 de
2345 2298 2489 2367 suis

357 2412 664 2506 tyrannis
699 2427 1045 2510 ceperunt
1078 2427 1150 2482 et
1194 2413 1269 2483 in
1310 2436 1667 2483 carcerem
1697 2412 2149 2483 detruserunt
2172 2468 2192 2503 ,
2230 2413 2491 2484 claves-

356 2551 482 2622 que
525 2543 902 2626 portarum
951 2529 1252 2599 civitatis
1298 2554 1340 2601 a
1385 2531 1530 2600 suis
1579 2529 2143 2627 burgimagistris
2196 2554 2488 2629 accepe-

355 2659 542 2734 runt3
576 2659 654 2715 et
677 2646 735 2715 si
759 2645 918 2741 quis
942 2645 1014 2714 in
1051 2645 1152 2716 eis
1181 2645 1422 2716 fuisset
1446 2670 1728 2739 sensus,
1762 2648 1819 2716 si
1848 2647 2023 2744 quid
2050 2646 2227 2717 boni
2260 2650 2489 2720 consi·

355 2758 422 2827 lii
458 2760 566 2831 vel
593 2759 1029 2857 prudentiae,
1079 2784 1333 2858 pacem
1367 2785 1570 2833 suam
1600 2763 1672 2832 in
1711 2762 2045 2834 manibus
2079 2761 2479 2850 habebant,

353 2887 416 2943 et
458 2876 813 2946 servitutis
842 2875 1096 2970 jugum
1128 2876 1608 2948 excutiebant.
1658 2879 1732 2946 si
1771 2879 1965 2948 enim
2015 2877 2268 2949 habito
2320 2903 2485 2948 cum

353 2989 509 3061 viris
551 2991 769 3062 bonis
804 3005 876 3063 et
909 2992 1347 3089 sapientibus
1385 3008 1827 3091 acceptoque
1869 2995 2170 3066 consilio
2208 2995 2291 3089 (e
2327 2996 2484 3091 qui-

351 3102 476 3178 bus
525 3124 597 3179 et
653 3108 727 3178 in
777 3107 1012 3196 clem,
1074 3123 1145 3180 et
1210 3111 1281 3180 in
1361 3111 1635 3207 populo
1687 3109 2121 3182 sufficienter
2181 3114 2483 3183 inveniri

349 3225 825 3320 potuissent),
886 3227 1123 3296 statim
1169 3225 1263 3296 ad
1314 3225 1693 3297 dominum
1737 3242 1808 3296 et
1858 3244 2220 3325 pastorem
2274 3254 2483 3298 suum

350 3343 700 3438 optimum
776 3342 1320 3435 accersendum,
1380 3343 1503 3438 qui
1556 3367 1784 3440 prope
1846 3344 1939 3415 ad
2015 3345 2149 3416 tria
2206 3359 2483 3416 tantum

349 3459 452 3528 vel
492 3459 648 3529 duo
695 3460 1024 3530 milliaria
1067 3459 1413 3549 distabat,
1453 3459 1721 3553 legatos
1767 3461 2156 3548 misissent,
2198 3461 2483 3531 interim

349 3573 508 3670 ipsis
553 3576 849 3646 armatis
881 3576 1087 3646 simul
1143 3575 1731 3671 permanentibus
1777 3591 1847 3647 et
1884 3602 2129 3646 muros
2170 3602 2335 3646 suos
2382 3591 2485 3647 at-

349 3713 481 3783 que
532 3705 775 3788 portas
821 3691 1116 3761 solerter
1140 3691 1708 3762 custodientibus
1738 3719 1753 3759 :
1792 3693 1966 3762 nulli
2002 3691 2305 3763 dubium
2334 3718 2483 3764 esse

347 3820 569 3901 potest
616 3808 834 3902 (guin,
895 3807 1191 3904 depulsa
1237 3807 1612 3902 tyrannide
1666 3833 1808 3902 qua
1864 3809 2356 3879 miserabiliter
2412 3825 2481 3879 et

427 4015 480 4068 1.
531 4016 642 4070 Les
671 4013 832 4070 villes
860 4013 1268 4071 d'Over-Yssel
1292 4056 1307 4080 ‚
1342 4014 1474 4069 c'est
1495 4013 1711 4068 -a-dn‘e
1734 4012 1805 4069 de
1835 4014 1885 4069 la
1926 4014 2229 4073 Hollande.

421 4107 478 4161 2.
525 4107 718 4163 Plutst
744 4119 893 4163 tunc.

425 4202 478 4254 3.
527 4199 796 4277 Chapitre
845 4200 1112 4278 imprime
1159 4201 1299 4257 dans
1339 4200 1418 4255 les
1464 4205 1743 4256 Analecta
1780 4201 1850 4256 de
1893 4199 2193 4256 Matthaeus
2234 4214 2289 4255 et
2340 4199 2481 4255 dans

347 4291 752 4368 l'Amplissima
780 4298 1050 4350 collectio.
