3400 5417
947 528 1015 581 18
1486 525 1999 582 HISTORIARUM
2041 526 2395 581 LUDOVICI
2439 526 2519 581 xl

937 660 1236 730 vencula
1286 658 1435 729 sola
1481 682 1798 728 seorsum
1837 658 2103 730 habere
2156 654 2693 753 [colloquium],
2744 681 2877 727 nec
2918 654 3050 747 ἕεις,

938 801 1167 873 neque
1200 777 1605 846 honestum.

1033 891 1249 978 Quod
1285 916 1450 962 cum
1484 891 1979 985 hujuscemodi
2028 892 2259 984 legato
2304 913 2725 986 responsum
2782 891 3055 981 fuisset,

934 1007 1110 1079 dixit
1129 1032 1202 1078 se
1223 1031 1368 1077 non
1390 1008 1590 1078 aliter
1618 1008 1690 1076 in
1710 1007 2063 1078 mandatis
2089 1030 2132 1076 a
2154 1030 2317 1099 rege
2336 1030 2745 1101 expressum
2764 1006 3055 1100 habere,

937 1122 1060 1194 sed
1094 1122 1187 1194 ad
1223 1148 1461 1218 regem
1505 1122 1812 1193 libenter
1846 1148 1920 1194 se
1980 1122 2361 1192 missurum
2419 1144 2729 1217 eumque
2762 1121 3064 1219 desuper

936 1240 1304 1310 consulere
1339 1254 1452 1328 ut,
1486 1240 1588 1309 uti
1622 1240 1753 1338 ipsi
1788 1238 2170 1335 optabant,
2200 1235 2335 1307 sibi
2374 1235 2523 1307 fieri
2554 1238 2891 1335 placeret.
2929 1243 3063 1309 Ex-

934 1356 1275 1452 spectavit
1308 1356 1545 1451 itaque
1581 1380 1711 1453 per
1742 1356 2015 1452 aliquot
2037 1352 2187 1424 dies
2207 1351 2533 1424 Gandavi
2553 1407 2571 1443 ,
2614 1355 2721 1423 sui
2756 1354 3063 1426 reditum

939 1473 1165 1542 nuntii
1200 1472 1602 1569 opperiens,
1630 1471 1963 1558 Quicum
1997 1472 2060 1541 ei
2088 1470 2432 1541 retulisset
2460 1494 2501 1539 a
2534 1470 2774 1565 priore
2800 1472 3064 1569 placito

936 1612 1172 1683 regem
1209 1587 1603 1685 quidquam
1624 1588 2003 1658 immutare
2033 1587 2225 1658 nolle
2246 1590 2262 1623 ²
2284 1644 2303 1679 ‚
2345 1586 2613 1656 bivero
2639 1609 2919 1679 omneS,
2944 1592 3061 1685 qui

937 1702 1368 1775 adsistebant
1426 1703 1891 1800 principissae‚
1934 1704 2318 1799 cunctique
2382 1702 2505 1797 qui
2556 1701 2699 1772 illic
2736 1700 2827 1774 de
2866 1707 3068 1775 terris

935 1818 1254 1915 ejusdem
1305 1818 1598 1891 aderant
1622 1875 1638 1907 ,
1691 1818 1831 1889 tale
1866 1821 2045 1913 regis
2080 1820 2418 1916 placitum
2446 1874 2464 1911 ‚
2502 1832 2848 1915 tanquam
2901 1821 3067 1892 irra-

937 1934 1276 2006 tionabile
1310 1948 1381 2004 et
1432 1934 1889 2003 inhonestum
1932 1948 2478 2031 suspectumque
2511 1932 2602 2003 de
2650 1934 2966 2029 nequitia
3001 1952 3067 2007 et

938 2051 1136 2142 dolo,
1169 2051 1791 2148 perhorrescerent
1816 2064 2027 2145 atque
2052 2049 2511 2119 vehementer
2532 2047 3025 2145 improbarent
3044 2108 3063 2137 ‚

939 2181 1226 2264 accepta
1255 2166 1574 2257 licentia,
1609 2166 1799 2235 idern
1836 2166 2106 2259 legatus
2141 2165 2231 2234 ad
2275 2189 2440 2233 eum
2478 2164 2601 2259 qui
2634 2188 2706 2233 se
2740 2165 3061 2249 miserat,

939 2283 1202 2354 infecto
1239 2309 1528 2382 prorsus
1571 2283 1897 2376 negotio,
1940 2306 2259 2351 reversus
2297 2295 2396 2351 est
2427 2284 2470 2348 ¹.

1037 2402 1192 2470 Fuit
1245 2413 1482 2470 autem
1517 2414 1586 2467 et
1635 2400 1771 2468 alia
1832 2399 2087 2491 legatio
2138 2410 2455 2492 exparte
2502 2399 2936 2495 principissae
2998 2414 3065 2468 et

942 2524 1265 2589 Statuum
1286 2532 1628 2586 terrarum
1645 2539 1934 2585 suarum
1953 2514 2041 2585 ad
2060 2538 2293 2607 regem
2314 2516 2742 2585 transmissa.
2761 2516 2891 2585 Cui
2905 2540 3066 2585 cum

947 2660 1062 2703 rex
1099 2634 1274 2702 nihil
1303 2632 1586 2728 paucis³
1609 2655 1925 2700 annuere
1957 2630 2189 2719 vellet,
2228 2630 2359 2698 nisi
2398 2629 2615 2701 filiola
2638 2654 2789 2723 sua,
2815 2654 3065 2701 eorum

947 2750 1358 2847 principissa
1383 2803 1400 2837 ‚
1442 2746 1589 2816 filio
1628 2772 1759 2816 suo
1799 2746 2385 2842 desponsaretur,
2434 2745 2959 2841 habereturque
2995 2762 3071 2817 ut

948 2867 1295 2958 legitimus
1327 2878 1519 2933 tutor
1545 2863 1650 2931 sui
1673 2919 1689 2950 ‚
1728 2884 2156 2955 suarumque.
2177 2874 2523 2930 terrarum
2540 2861 2834 2931 tutelam
2860 2874 3072 2954 atque

1039 3134 1089 3186 1.
1137 3134 1214 3185 La
1253 3128 1476 3183 version
1515 3125 1587 3181 de
1623 3125 1947 3182 Conunines
1978 3136 2061 3179 est
2090 3125 2217 3199 plus
2258 3124 2527 3198 croyable
2559 3147 2569 3179 :
2614 3151 2639 3174 ιι
2672 3123 2901 3181 Maistre
2941 3124 3071 3182 Oli·

952 3226 1173 3284 xienu...
1216 3222 1364 3278 avoit
1397 3219 1761 3276 commissum
1808 3218 1877 3273 ‹le
1919 3218 2060 3273 faire
2103 3221 2131 3271 ἱι
2177 3217 2597 3274 madeniioiselle
2624 3218 2695 3275 de
2734 3222 3072 3295 Bourgogne

949 3336 1201 3378 aucunes
1221 3328 1626 3371 remonstrano
1650 3334 1672 3365 s
1698 3316 1729 3368 ἐι
1754 3324 1903 3388 part,
1927 3311 2063 3367 affin
2084 3312 2318 3387 qu'elles
2339 3331 2397 3367 se
2421 3312 2655 3368 voulsist
2681 3325 2894 3369 mectre
2910 3325 3071 3370 entre

953 3416 1033 3470 les
1065 3412 1246 3468 mains·
1278 3408 1353 3463 du
1387 3427 1512 3482 roy.
1545 3407 1677 3462 Cela
1706 3404 1931 3461 n'estoit
1968 3405 2123 3481 point
2164 3424 2221 3460 sa
2262 3404 2595 3481 principalle
2624 3404 2835 3484 charge
2858 3448 2875 3473 ,
2908 3424 3005 3462 car
3032 3405 3075 3461 il

954 3505 1211 3565 doubtoit
1243 3501 1372 3557 bien
1411 3518 1522 3575 que
1561 3504 1593 3554 a
1628 3511 1789 3575 grant
1826 3498 1992 3574 peine
2030 3499 2065 3554 il
2097 3499 2355 3573 pourroit
2384 3498 2571 3574 parler
2598 3502 2630 3553 ἐι
2658 3498 2765 3554 elle
2794 3498 2947 3555 seule
2970 3542 2986 3567 ,
3017 3512 3075 3555 et

955 3620 1099 3678 que,
1136 3598 1219 3653 s'il
1251 3615 1284 3670 y
1317 3593 1551 3670 parloit,
1583 3593 1627 3649 si
1657 3593 1811 3648 uela
1851 3591 2165 3667 seauroit-il
2206 3592 2405 3667 guider
2456 3595 2487 3647 Ξι
2530 3611 2596 3647 ce
2636 3592 2777 3667 qu'il
2818 3590 3069 3649 desiroit.

955 3692 1094 3749 Mais
1137 3690 1172 3745 il
1218 3688 1370 3744 avoit
1407 3686 1709 3742 entencion
1759 3684 1895 3760 qu'il
1944 3685 2104 3740 feroit
2152 3686 2289 3740 faire
2334 3688 2363 3740 a
2413 3696 2563 3740 ceste
2612 3683 2747 3740 ville
2789 3683 2859 3740 de
2908 3683 3073 3741 Gand

955 3786 1199 3861 quelque
1226 3794 1388 3859 grant
1421 3780 1729 3835 mutacion.
1758 3804 1779 3826 ιι
1817 3778 1977 3849 (Liv.
2017 3782 2080 3847 V,
2113 3777 2279 3854 chap.
2318 3782 2463 3849 xlv.)
2492 3780 2573 3833 En
2608 3778 2741 3834 effet
2769 3778 2807 3833 il
2836 3777 2968 3833 etait
2995 3776 3075 3835 du

957 3899 1124 3957 pays,
1163 3897 1234 3931 ιιι·
1267 3881 1295 3930 ξι
1327 3875 1504 3931 'shielt
1547 3876 1674 3950 pres
1714 3871 1783 3927 de
1812 3874 2102 3940 Coun-nai,
2137 3888 2190 3930 et
2231 3872 2461 3949 pouxait
2491 3872 2674 3929 croire
2718 3872 2853 3948 qu’il
2894 3872 3079 3928 aurait

957 3971 1202 4047 quelque
1231 3968 1415 4024 action
1452 3986 1549 4022 sur
1577 3967 1629 4022 la
1667 3964 1985 4021 multitude.

1035 4068 1089 4120 Ξ,
1141 4064 1307 4121 selon
1343 4062 1618 4117 Commin.
1643 4091 1695 4120 s,
1730 4061 1765 4115 il
1798 4059 2020 4116 s'enl‘uit
2062 4060 2131 4115 tie
2161 4060 2325 4116 Gand
2360 4081 2503 4136 pour
2532 4062 2670 4115 aller
2710 4064 2739 4115 ἐι
2782 4063 3073 4133 Tum-na),

957 4161 1088 4215 dont
1129 4160 1162 4213 il
1193 4177 1468 4213 eonserxa
1502 4159 1549 4214 la
1584 4157 1897 4233 possession
1930 4160 1957 4210 ξι
1993 4156 2041 4210 la
2080 4158 2308 4212 Franco.

1040 4260 1092 4309 3.
1143 4259 1282 4307 Sans
1315 4251 1485 4306 tinulo:
1507 4272 1752 4323 stratum.
