3400 5417
794 476 820 529 1
834 475 909 528 92
1339 471 1852 531 ffls'romARuM
1894 471 2248 530 Lunovlcl
2288 474 2373 530 XI

1475 749 1991 819 CAPITULUM
2042 750 2228 817 xvl.

795 949 1136 1019 Comparatio
1176 965 1382 1000 morum
1441 965 1661 1000 suorum
1695 946 1767 998 ad
1802 959 2055 1017 paternos
2092 963 2263 999 mores
2306 942 2487 1015 quoad
2523 947 2921 1017 temperantia-

1590 1046 1746 1102 atque
1763 1030 2102 1102 prudentiam
2113 1072 2127 1087 .

897 1214 1264 1280 Postremo
1303 1234 1450 1279 non
1488 1209 1582 1280 ab
1626 1234 1702 1281 re
1738 1209 2122 1302 videbitur,
2161 1211 2254 1302 si,
2287 1210 2701 1308 priusquam
2730 1211 2923 1283 hunc

797 1325 1060 1397 librum
1093 1325 1508 1396 claudamus
1528 1383 1545 1416 ,
1583 1326 1797 1421 hujus
1818 1380 1836 1415 ,
1885 1325 1975 1397 de
2004 1351 2150 1422 quo
2184 1325 2395 1397 nobis
2429 1327 2503 1397 in
2539 1329 2925 1424 praesentia-

799 1469 960 1514 rum
1011 1457 1113 1514 est
1153 1467 1422 1530 serm0,
1481 1457 1552 1513 et
1598 1443 1815 1512 felicis
1872 1441 2385 1514 recordationis
2434 1443 2772 1538 genitoris
2821 1445 2924 1516 sui

800 1583 1036 1629 mores
1084 1571 1154 1627 et
1187 1557 1341 1626 vitae
1375 1557 1894 1628 institutionem
1931 1556 2131 1628 brevi
2166 1557 2300 1628 sub
2341 1558 2781 1655 compendio
2829 1559 2929 1628 in·

803 1676 1029 1744 vicem
1062 1673 1537 1743 conferamus,

900 1790 1197 1860 Genitor
1229 1788 1530 1884 quippe,
1571 1789 1771 1885 quod
1804 1803 1910 1859 est
1946 1791 2338 1860 maximum
2387 1804 2457 1861 et
2496 1791 2932 1887 praecipuum

793 1906 1073 2002 justitia».
1115 1904 1694 1995 fundamentum,
1755 1903 1919 1974 fidei
1962 1906 2180 1976 semel
2214 1905 2393 1976 datae
2429 1930 2513 1976 ac
2550 1907 2936 2002 promisso-

802 2049 962 2095 rum
1002 2023 1486 2094 tenacissimus
1521 2022 1690 2109 fuit3
1739 2048 1869 2091 nec
1906 2023 2151 2093 litteris
2186 2038 2307 2093 aut
2334 2023 2573 2118 sigillis
2601 2024 2939 2118 cuiquam

804 2166 985 2238 opus
1034 2155 1222 2230 erat,
1273 2138 1399 2209 ubi
1460 2164 1626 2210 eum
1677 2137 2073 2234 quidquam
2129 2139 2339 2210 alicui
2398 2139 2934 2236 expromisisse,

804 2260 1016 2328 etiam
1055 2257 1237 2327 ultra
1273 2257 1620 2354 plurimos
1662 2279 1931 2340 annm,
1983 2255 2075 2326 ad
2111 2255 2532 2326 memoriam
2566 2255 2630 2324 ei
2665 2267 2947 2351 poterat.

803 2374 1146 2445 revocari.
1200 2375 1329 2443 Hic
1362 2388 1509 2442 tam
1545 2372 1806 2465 fragilis
1849 2372 1921 2441 in
1964 2374 2105 2442 suis
2147 2373 2544 2468 promissiS,
2594 2397 2944 2468 quocum-

806 2516 944 2586 que
989 2491 1200 2561 etiam
1263 2490 1622 2586 scripturae
1662 2488 1771 2558 vel
1821 2488 2215 2582 sigillorum
2266 2502 2477 2585 atque
2538 2513 2946 2559 sacramen-

809 2624 1044 2676 torum
1119 2605 1522 2676 velamento
1585 2602 1971 2689 roboratiS,
2035 2605 2199 2695 fuit,
2271 2620 2349 2674 ut
2422 2605 2508 2674 de
2579 2603 2947 2699 qualibus·

807 2744 1114 2814 cumque
1179 2718 1539 2814 promissis
1601 2716 1752 2810 ejus
1822 2717 2059 2787 nullus
2132 2715 2348 2786 fidere
2432 2717 2773 2805 auderet3
2850 2719 2949 2789 ita

811 2836 1127 2932 profecto
1185 2833 1380 2928 quod
1440 2832 1630 2929 apud
1676 2857 1927 2902 omnes
1985 2833 2204 2904 ferme
2256 2833 2615 2923 mortales,
2657 2835 2781 2927 qui
2836 2834 2947 2904 vel

811 2968 1083 3022 tantum
1157 2951 1246 3021 de
1307 2976 1393 3020 eo
1451 2950 1879 3020 audierant¹
1945 2951 2233 3036 famam,
2309 2974 2441 3046 pro
2490 2949 2608 3020 tali
2655 2949 2951 3020 infamia

816 3068 1317 3138 famosissimus
1361 3065 1765 3137 haberetur.

913 3187 1116 3253 Pater
1159 3183 1304 3252 vini
1351 3195 1416 3250 et
1463 3205 1785 3252 escarum
1829 3183 2505 3276 temperantissimus
2554 3181 2721 3266 fuit3
2762 3178 2952 3251 filius

815 3326 982 3371 vero
1011 3300 1098 3369 de
1130 3299 1328 3369 omni
1355 3299 1528 3393 gulae
1573 3299 2115 3395 intemperantia
2154 3299 2451 3395 turpiter
2484 3297 2888 3367 diffamatus
2926 3324 2945 3365 ε

818 3416 1030 3500 uude,
1071 3429 1139 3484 ut
1172 3437 1385 3510 supra
1413 3438 1542 3482 suo
1574 3412 1736 3481 loco
1775 3412 2197 3501 retulinms',
2238 3439 2403 3483 cum
2437 3413 2652 3483 semel
2686 3411 2954 3482 Retho-

818 3533 999 3624 magi
1039 3545 1346 3600 coenaret
1382 3530 1450 3597 in
1480 3527 1777 3598 taberna
1811 3527 2131 3623 publica,
2176 3545 2244 3598 et
2283 3531 2421 3599 illic
2448 3554 2592 3600 una
2621 3530 2948 3598 adessent

815 3648 937 3740 qui
999 3646 1244 3715 famosi
1305 3645 1448 3714 vini
1517 3658 1877 3739 potatores
1944 3643 2434 3733 habebantur,
2504 3646 2654 3742 ipse
2729 3645 2951 3714 fertur

901 3856 956 3909 1.
1009 3855 1108 3909 MS.
1150 3867 1335 3905 tamen
1367 3854 1436 3904 :lc
1469 3870 1532 3903 en
1564 3852 1850 3904 cmclz'cml.

897 3949 955 4003 ¹2.
1003 3943 1278 4001 L'auteur
1307 3965 1366 4000 se
1406 3957 1662 4018 trompe,
1701 3963 1775 3998 ou
1808 3942 1940 3998 bien
1977 3942 2011 3997 il
2049 3945 2284 4000 renvoio
2326 3946 2357 3998 31
2400 3963 2475 3998 un
2511 3962 2745 4020 passage
2778 3943 2873 4019 qui
2906 3963 2945 3999 a

817 4041 905 4097 i'te'
947 4039 1091 4094 «nnis
1132 4039 1272 4094 daus
1325 4039 1376 4093 la
1414 4037 1816 4111 transcription
1855 4036 1927 4093 (le
1958 4057 2061 4093 son
2110 4058 2320 4113 propre
2367 4037 2719 4106 manuscrit,
2761 4059 2855 4094 car
2899 4036 2941 4092 il

819 4133 960 4190 Ji’est
1002 4131 1263 4208 ‹Intestion
1295 4131 1367 4188 de
1401 4131 1717 4186 l'aventure
1748 4130 1843 4206 qui
1879 4151 1944 4186 xa
1976 4131 2165 4187 mirri·
2188 4176 2201 4198 ,
2238 4132 2377 4187 dans
2406 4149 2595 4188 aucun
2626 4144 2790 4187 autre
2831 4149 2941 4187 en·

821 4226 969 4282 droit
999 4224 1070 4281 de
1101 4246 1204 4282 son
1233 4225 1485 4282 histoire.
