3400 5417
1009 507 1230 564 unna
1267 503 1547 565 rmus
1558 548 1570 561 .
2252 511 2369 568 259

241 634 550 732 jusmodi
581 635 1048 710 saluberrima
1079 653 1149 711 et
1165 639 1287 737 pia
1307 638 1711 712 cohortatio
1739 637 2015 712 radices
2038 643 2363 736 misisset,

249 750 444 823 brevi
500 751 808 828 decursu
860 754 1201 852 temporis
1263 753 1600 826 omnibus
1649 753 1849 827 sactis
1903 753 2117 852 longe
2170 759 2371 831 aliter

251 893 462 966 quam
492 869 730 942 verbis
765 871 1101 942 innotuit.
1136 874 1222 941 Et
1246 869 1458 942 nobis
1489 868 1808 968 quidem,
1847 874 1971 969 qui
2004 887 2199 947 tanta
2232 877 2374 948 sin-

252 987 529 1059 ceritate
589 1002 661 1059 et
709 986 1008 1085 parendi
1061 1001 1278 1092 atque
1325 985 1747 1060 consulendi
1799 987 2178 1062 affectione
2238 990 2375 1064 sibi

252 1102 665 1199 imprecanti
713 1103 1094 1174 consilium
1131 1102 1629 1198 hujuscemodi
1667 1101 2094 1177 dederamus
2112 1163 2129 1198 ,
2184 1105 2377 1180 hanc

249 1218 500 1311 vicem,
523 1217 880 1315 aliquibus
900 1219 1050 1316 jam
1070 1231 1232 1317 post
1251 1217 1564 1290 decursis
1583 1221 1816 1314 annis,
1836 1221 2188 1319 rependit,
2210 1248 2378 1297 cum

131 1317 138 1326 ¹
250 1335 601 1433 principes
633 1360 717 1407 ac
750 1359 1080 1435 proceres
1113 1336 1316 1432 regni
1364 1359 1499 1433 pro
1535 1335 2046 1408 reformatione
2077 1339 2278 1433 regni
2309 1354 2380 1410 et

251 1453 705 1548 periclitantis
737 1453 837 1524 rei
863 1451 1168 1550 publicae
1187 1451 1506 1546 ejusdem
1540 1465 1726 1523 statu
1741 1452 1816 1523 in
1845 1455 2097 1526 melius
2118 1455 2382 1527 instau-

252 1571 473 1644 rando
507 1571 919 1667 conjuratos
952 1583 1025 1641 et
1055 1568 1408 1641 adunatos
1440 1567 1765 1662 vidisset,
1803 1571 2002 1666 quod
2040 1586 2111 1643 et
2144 1573 2379 1670 palam

253 1711 332 1757 ex
361 1687 737 1759 stomacho
769 1686 1116 1778 evomuit,
1155 1683 1355 1782 quod
1398 1710 1547 1758 non
1572 1684 1764 1759 beno
1798 1711 2032 1784 neque
2082 1686 2381 1760 fideliter

254 1801 379 1874 sibi
422 1804 807 1875 consilium
860 1803 1036 1874 olim
1086 1799 1516 1873 dederamus
1561 1802 1763 1898 quod
1807 1828 2196 1875 numerum
2246 1806 2383 1877 mi-

253 1918 406 1989 litiae
438 1945 584 1990 suae
618 1918 978 1992 moderari
1005 1933 1076 1988 et
1108 1917 1510 1988 diminuere
1549 1916 1870 1989 deberet.
1915 1920 2144 2017 Hujus
2186 1924 2383 1995 enim

254 2033 346 2104 rei
380 2036 604 2128 gratia
645 2049 942 2127 extunc,
981 2057 1150 2105 cum
1183 2057 1258 2104 se
1300 2033 1395 2106 ad
1435 2033 1670 2105 civilia
1702 2034 1895 2107 bella
1926 2038 2385 2111 convertisset

253 2149 504 2245 quibus
540 2175 844 2246 regnum
875 2164 1112 2222 totum
1145 2148 1630 2243 vehementer,
1675 2149 1865 2249 proh
1900 2149 2149 2224 dolor!
2206 2178 2381 2225 con-

255 2283 660 2364 quassatum
703 2284 810 2343 est
841 2283 915 2342 et
954 2273 1274 2343 attritum
1303 2328 1320 2363 ,
1360 2292 1643 2369 semper
1675 2265 2056 2340 adversum
2091 2294 2225 2341 nos
2270 2271 2386 2342 in·-

256 2382 737 2480 dignationem
773 2386 1029 2458 habuit
1069 2401 1141 2459 et
1199 2385 1506 2458 servavit
1549 2409 1568 2456 ε
1620 2384 1822 2481 quasi
1878 2385 2028 2479 jam
2079 2400 2379 2476 extunc,

256 2523 412 2571 cum
467 2500 887 2598 hujusmodi
949 2503 1329 2575 consilium
1391 2499 1525 2572 sibi
1590 2501 2000 2597 exposcenti
2057 2498 2387 2572 dedimus

257 2615 473 2712 (quod
515 2617 649 2688 suit
680 2643 848 2690 cum
886 2620 1202 2717 primum
1238 2618 1506 2713 regiam
1540 2638 1745 2687 suam
1768 2616 2231 2688 Parisiensem
2258 2643 2387 2688 ur-

257 2728 416 2804 bem
447 2733 807 2823 introivit,
858 2736 1154 2806 veniens
1187 2760 1270 2804 ex
1319 2732 1553 2804 Remis
1597 2730 1725 2803 ubi
1758 2756 1973 2804 sacrae
2027 2733 2387 2805 unctionis

258 2876 508 2923 munus
535 2852 958 2950 receperat),
993 2853 1301 2948 cogitare
1337 2873 1707 2950 possemus
1730 2849 1844 2921 vel
1876 2850 2075 2946 quod
2115 2849 2250 2921 sibi
2284 2851 2389 2922 in-

261 2967 436 3056 ferri,
489 2971 603 3040 vel
643 2993 684 3041 a
737 2995 810 3040 se
861 2985 1114 3040 contra
1146 2969 1510 3064 sanguinis
1542 2969 1650 3038 sui
1692 2968 2051 3065 principes
2098 2993 2390 3066 promo·

261 3086 395 3155 veri
445 3101 516 3156 et
574 3087 893 3156 suscitari
929 3085 1274 3158 deberent
1307 3085 1496 3155 bella
1539 3085 1805 3172 civilia,
1864 3087 1989 3179 qui
2036 3086 2101 3155 ei
2137 3111 2387 3158 omnes

259 3215 418 3272 tunc
454 3216 657 3275 tanta
697 3201 1179 3274 benivolentia
1218 3217 1286 3274 et
1331 3202 1619 3274 caritate
1662 3200 2028 3295 conjuncti
2076 3217 2146 3273 et
2191 3217 2387 3273 tanta

259 3321 545 3417 parendi
587 3337 657 3392 et
691 3320 1134 3416 obsequendi
1163 3318 1730 3417 promptitudine
1764 3320 2066 3388 connexi
2098 3342 2245 3387 csse
2292 3317 2384 3389 ab

259 3437 589 3508 omnibus
617 3433 1090 3534 putabantur!
1149 3435 1290 3505 Sed
1333 3449 1522 3504 certe
1568 3458 1802 3529 neque
1838 3457 2109 3503 novum
2152 3459 2383 3530 neque

257 3578 492 3626 recens
535 3569 643 3625 est
682 3552 880 3650 quod
917 3553 1224 3648 tragicus
1267 3552 1524 3622 cecinit
1559 3577 1575 3619 ε

426 3739 725 3804 Oderunt
750 3762 917 3827 saepe
946 3761 1127 3827 reges
1153 3737 1323 3802 dicta
1356 3760 1501 3824 quaa
1531 3735 1658 3803 dici
1676 3735 1937 3822 jubent;

256 3921 420 3992 illud
471 3922 690 3992 etiarn
727 3920 927 4017 quod
972 3917 1262 4012 insignis
1309 3915 1927 4013 historiographus
1970 3915 2255 4012 Crispus
2308 3917 2380 3986 in

255 4037 744 4132 conjuratione
797 4036 992 4106 Lucii
1039 4034 1357 4104 Catilinae
1402 4033 1760 4125 eleganter
1801 4033 1921 4102 ait.
1968 4062 1999 4096 α
2046 4035 2225 4101 Nam
2277 4057 2382 4102 re-

257 4152 488 4246 gibus,
539 4184 574 4218 »
615 4153 868 4248 inquit,
922 4183 954 4218 «
1017 4151 1195 4221 boni
1232 4173 1448 4244 quam
1495 4148 1662 4219 mali
1706 4151 2173 4246 suspectiores
2220 4164 2384 4218 sunt

254 4294 554 4367 semper,
597 4293 1018 4365 semperque
1049 4267 1161 4337 his
1191 4266 1421 4337 aliena
1447 4266 1668 4334 virtus
1694 4264 2158 4336 formidolosa
2185 4277 2311 4333 est.
2341 4291 2375 4328 n
