3400 5417
991 508 1025 559 2
1535 504 2048 559 HISTORIARUM
2094 504 2188 559 LU
2196 503 2449 558 DOVICI
2492 503 2575 557 XI

989 637 1321 707 servitute
1369 633 1679 705 liberatae
1736 634 1993 704 forent.
2038 632 2393 705 Putabant
2438 634 2633 704 enim
2678 634 2881 730 quasi
2938 659 3120 731 quo-

987 752 1155 824 dam
1187 751 1628 849 postliminio
1664 750 1973 848 priscam
2002 774 2077 821 se
2103 773 2554 849 recuperasse
2590 748 3019 841 libertatem,
3055 764 3123 821 et

983 868 1200 938 veluti
1259 866 1441 938 dura
1499 867 1900 965 captivitate
1947 867 2266 959 solutos;
2308 867 2502 961 gravi
2559 868 2773 938 etiam
2814 881 3015 938 metu
3048 892 3124 938 se

983 981 1392 1079 gaudebant
1440 998 1841 1080 exemptOS,
1901 1006 2048 1077 quo
2107 997 2403 1080 perante
2461 1006 2743 1080 pressos
2778 1006 2855 1053 se
2908 981 3122 1053 fuisse

985 1098 1491 1188 meminerant,
1530 1113 1600 1169 et
1628 1097 1837 1169 valde
1862 1100 2232 1169 exterritos
2286 1097 2742 1169 atrocissimis
2774 1120 2860 1168 ac
2886 1098 3119 1168 saevis-

981 1212 1175 1284 simis
1223 1213 1474 1305 miniS,
1532 1236 1710 1307 quas
1748 1212 1849 1284 eis
1893 1212 2147 1311 saepius
2189 1213 2547 1305 intulerat,
2586 1236 2674 1282 eo
2715 1211 2914 1307 quod
2973 1212 3125 1308 ejus

980 1328 1334 1400 mandatis
1383 1328 1474 1400 ad
1525 1342 1781 1398 nutum
1833 1328 2052 1424 ipsius
2101 1328 2396 1399 minime
2447 1327 2869 1425 paruissent.
2912 1326 3122 1397 Unde

978 1471 1128 1517 non
1168 1446 1576 1517 luctuosum
1631 1445 1745 1516 vel
1798 1445 2160 1537 moeroriS,
2200 1444 2325 1515 sed
2360 1446 2598 1542 potius
2624 1444 3001 1516 hilaritatis
3054 1460 3124 1516 et

975 1565 1222 1635 laetitiae
1260 1565 1590 1636 nuntium
1610 1615 1628 1651 ,
1674 1563 1825 1657 ejus
1868 1587 2041 1633 nece
2078 1561 2321 1635 audita
2341 1615 2361 1649 ,
2408 1586 2482 1632 se
2516 1561 2870 1659 accepisse
2914 1586 3123 1660 repu-

976 1681 1250 1752 tabant.

1071 1798 1250 1870 Satis
1278 1810 1517 1868 autem
1577 1795 1745 1865 huic
1780 1795 1879 1865 rei
1913 1792 2261 1864 indicium
2310 1791 2509 1865 dedit
2541 1791 2739 1887 quod
2791 1793 2867 1863 in
2907 1792 3123 1864 nullis

978 1914 1197 1986 ferme
1226 1912 1578 1983 dictarum
1612 1926 1963 1982 terrarum
1994 1908 2484 2003 insignissimis
2516 1907 2803 2005 oppidis
2824 1963 2842 1999 ,
2883 1933 3121 2004 neque

973 2032 1066 2101 ad
1120 2034 1352 2100 Deum
1397 2028 1952 2125 supplicationes
1998 2051 2130 2123 pro
2187 2025 2412 2097 salute
2462 2026 2719 2097 animae
2762 2051 2947 2117 suae,
2996 2052 3121 2097 ne-

978 2170 1118 2243 que
1157 2144 1651 2239 exsequiarum
1686 2144 2069 2234 solemnia,
2104 2143 2202 2211 uti
2236 2141 2385 2211 fieri
2424 2142 2494 2211 in
2530 2140 2791 2211 talibus
2820 2142 3115 2232 assolet,

975 2262 1259 2359 publice
1299 2262 1493 2332 factae
1533 2259 1645 2330 vel
1680 2258 1941 2329 habitae
1972 2273 2162 2329 sunt.
2218 2258 2358 2328 Sed
2393 2257 2484 2328 de
2529 2258 2711 2349 hoc,
2777 2259 2997 2329 veluti
3035 2259 3121 2329 de

972 2403 1054 2449 ea
1101 2403 1175 2448 re
1215 2376 1305 2447 de
1343 2401 1485 2472 qua
1526 2376 1701 2445 nulli
1736 2376 2000 2445 civium
2042 2376 2151 2444 vel
2186 2373 2641 2445 subditorum
2682 2399 2853 2447 cura
2898 2392 3114 2464 esset,

975 2495 1150 2564 mire
1176 2493 1534 2563 silentium
1557 2491 1698 2561 fere
1740 2490 2006 2586 ubique
2042 2490 2369 2561 habitum
2406 2505 2533 2560 est.
2582 2491 2851 2586 Agebat
2876 2507 3121 2565 autem

973 2623 1401 2679 cunctorum
1429 2609 1709 2679 animos
1742 2608 2117 2678 alacriores
2150 2632 2342 2703 spe5‚
2372 2632 2589 2703 quam
2609 2607 2741 2679 sibi
2764 2633 3121 2706 propone-

976 2725 1149 2796 bant
1179 2782 1196 2816 ,
1229 2725 1568 2796 libertatis
1627 2724 1875 2794 futurae
1904 2780 1920 2815 ,
1953 2724 2187 2820 quod,
2227 2750 2314 2794 eo
2341 2725 2669 2797 videlicet
2725 2727 3076 2798 exstincto
3098 2781 3115 2816 ‚

979 2866 1022 2912 a
1054 2840 1388 2934 gravibus
1413 2841 1549 2911 illis
1581 2839 2048 2910 collationum
2086 2856 2156 2911 et
2182 2841 2631 2935 vectigalium
2686 2855 2900 2937 atque
2941 2844 3119 2913 assi-

983 2958 1273 3049 siarum‚
1314 2956 1576 3053 quibus
1626 2956 1759 3026 sub
1810 2980 1898 3025 eo
1946 2954 2491 3052 premebantur,
2532 2955 2871 3027 oneribus
2906 2956 3118 3027 liberi

983 3073 1480 3169 immunesque
1527 3085 1926 3142 manerent.
1974 3076 2057 3140 Et
2124 3072 2470 3168 quoniam
2499 3128 2518 3163 ‚
2554 3087 2635 3142 ut
2688 3073 2940 3143 Cicero
2973 3071 3118 3143 ele·

988 3204 1233 3285 gauter
1267 3190 1339 3260 in
1378 3190 1519 3259 suis
1563 3187 1833 3258 Officiis
1866 3188 2131 3284 inquit,
2203 3216 2236 3255 «
2278 3189 2583 3259 acriores
2637 3203 2805 3259 sunt
2837 3212 3122 3260 morsus

985 3306 1396 3377 intermissae
1447 3303 1823 3393 libertati5‚
1865 3328 2083 3397 quam
2132 3318 2455 3393 retentae,
2502 3335 2536 3369 ι)
2577 3304 2923 3375 dictarum
2976 3320 3119 3375 ter-

989 3446 1228 3493 rarum
1255 3420 1544 3519 populi,
1590 3420 1805 3490 veluti
1836 3420 2029 3489 durae
2061 3421 2481 3518 captivitatis
2502 3420 2677 3515 jugo
2702 3422 2961 3519 erepti,
2995 3447 3121 3519 per

988 3540 1229 3609 omnia
1266 3538 1410 3608 fere
1444 3538 1726 3607 illarum
1760 3552 2107 3607 terrarum
2161 3537 2467 3635 oppida,
2539 3537 2876 3609 adversus
2917 3538 3115 3625 illos,

988 3656 1207 3749 quiin
1243 3654 1510 3725 eisdem
1537 3653 1819 3752 oppidis
1852 3679 1893 3725 a
1924 3655 2243 3751 principe
2262 3654 2706 3749 magistratus
2738 3654 2845 3723 vel
2883 3654 3123 3724 officia

986 3786 1407 3867 acceperant
1432 3826 1450 3860 ‚
1495 3771 1705 3840 veluti
1742 3796 1863 3840 eos
1906 3772 2132 3867 ipSOS,
2170 3771 2291 3865 qui
2341 3796 2414 3840 se
2442 3771 2620 3842 dure
2656 3786 2867 3865 atque
2901 3771 3123 3840 servi-

987 3886 1142 3956 liter
1167 3887 1721 3983 oppressissent,
1760 3888 2121 3980 insurgere
2150 3902 2519 3985 coeperunt
2548 3903 2618 3957 et
2648 3886 3067 3956 tumultuari
3102 3912 3115 3952 ε

986 4005 1374 4100 praesertim
1408 4016 1654 4073 contra
1696 4002 2007 4095 nobiles,
2053 4005 2176 4099 qui
2223 4006 2293 4074 in
2328 3991 2626 4101 'oppidis
2680 4004 2993 4099 regimen
3054 4017 3123 4072 et

987 4118 1674 4189 administrationem
1724 4117 2143 4189 habuerant.
2190 4124 2268 4187 Et
2306 4144 2389 4188 ex
2436 4120 2600 4215 ipsis
2637 4119 2928 4213 quidem
2970 4144 3121 4188 rna-

985 4235 1385 4329 gistratibus
1438 4249 1648 4328 atque
1688 4233 2043 4303 officiariis
2084 4234 2361 4328 plures,
2420 4236 2487 4304 in
2536 4236 2744 4303 variis
2792 4235 3112 4330 oppitliS,
