3400 5417
1135 493 1357 551 LIBER
1402 489 1812 551 SECUNDUS.
2426 494 2542 553 379

505 631 587 698 Et
618 626 1001 723 siquidem,
1054 625 1183 698 ubi
1228 627 1459 698 victus
1503 625 1840 698 habuerit
1873 624 2325 723 probabilem
2359 650 2545 700 cau-

400 766 553 815 sam
580 742 928 838 litigandi,
964 742 1291 840 quamvis
1322 760 1730 813 consonum
1770 754 1952 813 esset
1982 741 2127 839 juri
2162 756 2244 812 ut
2283 740 2380 813 ab
2423 762 2544 814 ex·

400 880 787 955 pensarum
844 855 1449 930 condemnatione
1526 857 2023 946 revelaretur¹‚
2088 880 2238 929 non
2307 858 2548 930 minus

400 989 644 1046 tamen
704 974 1036 1047 observat
1084 975 1421 1073 praedicta
1486 975 1737 1072 iniqua
1793 974 2282 1065 consuetudo,
2331 976 2546 1047 etiam

400 1086 530 1158 ubi
574 1091 970 1162 constiterit
1011 1114 1181 1161 eum
1226 1088 1499 1162 nullam
1541 1088 1879 1161 habuisse
1915 1112 2205 1161 causam
2247 1114 2374 1162 seu
2419 1112 2547 1189 ap·

398 1206 801 1302 parentiam
851 1205 1218 1302 litigandi,
1262 1219 1437 1304 puta
1478 1206 1537 1277 si
1582 1204 1860 1303 liquido
1908 1204 2296 1303 probatum
2339 1206 2550 1278 suerit

398 1320 673 1392 victum
720 1320 1207 1393 adversarium
1246 1322 1316 1392 vi
1352 1344 1480 1393 sua
1522 1320 1971 1418 possessione
2019 1319 2381 1418 spoliasse,
2421 1346 2546 1393 seu

400 1435 817 1508 deturbasse
846 1437 956 1508 vel
999 1437 1452 1535 inquietasse.
1488 1437 2121 1533 Qualitercumque
2154 1438 2350 1508 enim
2379 1460 2549 1535 aga-

398 1568 542 1645 tur,
584 1552 855 1626 nedum
888 1552 979 1623 de
1012 1554 1488 1651 proprietate,
1536 1554 1661 1624 sed
1699 1568 1770 1623 et
1817 1552 1910 1623 de
1954 1554 2402 1652 possessione
2435 1556 2548 1627 vel

398 1669 875 1765 acquirenda,
914 1669 1027 1741 vel
1063 1668 1476 1761 retinenda,
1532 1670 1647 1741 vel
1692 1668 2221 1768 recuperanda,
2277 1669 2548 1769 absque

399 1784 551 1855 ullo
605 1784 888 1856 delectu
944 1784 1211 1856 dictam
1255 1777 1854 1857 consuetudinem
1907 1785 2328 1876 observant,
2381 1788 2550 1881 quia

400 1902 599 1973 nulla
628 1901 707 1971 fit
738 1901 1251 1974 condemnatio
1284 1921 1792 1999 expensarum.
1837 1905 1938 1969 Ex
1968 1924 2117 1996 quo
2152 1902 2388 1972 evenit
2419 1918 2543 1994 ut,

399 2015 1019 2112 quemadmodum
1061 2015 1509 2088 consuetudo
1561 2015 2002 2114 praecedens,
2041 2041 2200 2111 quae
2235 2029 2550 2089 transac-

398 2133 632 2203 tiones
660 2147 853 2202 metu
871 2156 1102 2230 poenae
1130 2131 1498 2231 prohibet,
1520 2146 1791 2230 coeptas
1819 2133 2039 2203 semel
2065 2133 2223 2204 lites
2245 2148 2370 2204 aut
2397 2133 2551 2204 lon-

401 2272 523 2343 gas
561 2248 777 2319 efficit
812 2264 936 2321 aut
971 2273 1173 2346 paene
1208 2250 1687 2340 immortaleS,
1729 2249 1825 2321 ita
1861 2247 2012 2320 baec
2034 2306 2053 2342 ,
2087 2275 2246 2347 quae
2279 2249 2550 2347 absque

402 2366 553 2437 ullo
588 2365 869 2437 delectu
900 2365 995 2437 ab
1030 2366 1359 2463 expensis
1394 2365 1637 2437 eximit
1676 2367 1937 2457 victos,
1977 2366 2290 2440 infinitas
2318 2369 2552 2465 quoti·

401 2481 547 2572 die,
590 2484 788 2553 nullo
823 2480 1209 2554 cohibente
1242 2495 1439 2552 metu
1470 2480 1899 2554 refundendi
1937 2508 2308 2582 expensaS,
2342 2484 2552 2556 faciat

402 2599 676 2670 oboriri
712 2614 781 2669 et
815 2599 1167 2671 inchoari.
1222 2599 1362 2669 Sed
1412 2598 1582 2694 quia
1625 2598 2040 2695 hujusmodi
2090 2601 2548 2697 iniquissima*¹

401 2732 469 2788 et
512 2717 1125 2814 perniciosissimae
1166 2715 1726 2787 consuetudines
1763 2716 2130 2789 uberrima
2175 2740 2440 2817 pascua
2478 2734 2549 2790 et

401 2848 710 2928 quaestus
754 2833 1107 2904 maximos
1160 2832 1525 2903 advocatis
1578 2833 1886 2905 afferunt
1940 2847 2011 2905 et
2057 2834 2310 2906 officiis
2352 2834 2546 2928 judi-

404 2974 600 3041 cum,
641 2947 805 3019 ideo
835 2972 979 3040 eaS,
1010 2948 1207 3018 velut
1219 2948 1470 3043 justa5‚
1498 2962 1643 3019 tam
1666 2949 1945 3045 judices
1969 2975 2187 3048 quam
2217 2950 2545 3023 advocati

401 3066 965 3163 pertinacissime
1000 3064 1388 3136 observant
1420 3080 1490 3134 et
1528 3063 1951 3137 defendunt.

507 3187 668 3251 Uno
697 3195 936 3252 autem
958 3179 1113 3251 solo
1140 3204 1310 3251 casu
1333 3204 1678 3277 expensas
1713 3182 2032 3253 resarciri
2058 3186 2541 3275 consentiunt,

402 3299 699 3397 quando
732 3312 984 3368 contra
1005 3298 1372 3396 propriam
1398 3296 1937 3392 obligationem,
1973 3324 2218 3371 coram
2251 3301 2546 3398 publico

401 3416 789 3490 tabellione
840 3428 1221 3512 passatam‚
1278 3439 1439 3485 reus
1497 3415 1773 3487 venisse
1840 3418 2335 3488 convincatur.
2407 3420 2548 3491 Sed

402 3534 724 3632 profecto
763 3546 833 3603 et
876 3531 947 3601 in
983 3531 1137 3602 aliis
1172 3532 1564 3602 innumeris
1596 3532 1879 3603 casibus
1921 3535 2241 3628 quotidie
2277 3536 2349 3605 in
2396 3536 2546 3633 ipsa

403 3649 773 3745 provincia
806 3648 1246 3745 comperitur
1291 3648 1514 3717 victus
1548 3646 1822 3744 absque
1856 3648 2000 3719 ulla
2033 3647 2390 3746 probabili
2419 3674 2545 3746 ap-

404 3767 727 3862 parentia
776 3766 1118 3861 litigasse3
1183 3766 1253 3835 in
1298 3762 1560 3860 quibus
1600 3763 1808 3835 valde
1857 3766 2196 3860 injustum
2240 3781 2343 3837 est
2381 3790 2544 3836 eum

408 3879 479 3949 in
539 3881 824 3951 alterius
877 3881 1207 3976 injuriam
1260 3879 1352 3951 ab
1411 3903 1884 3976 expensarum
1941 3880 2546 3953 condemnatione

411 3999 728 4071 relevari.

498 4236 547 4287 1.
598 4231 863 4307 Corrigez
897 4235 1251 4288 relevantur.
