3400 5417
1006 530 1121 585 342
1855 528 2266 599 APomGlA,

1002 658 1499 752 virdunensis,
1530 672 1695 756 post
1741 648 2014 731 inedias
2042 672 2116 731 et
2145 658 2554 756 squalorem
2590 661 2914 752 carceris,
2955 685 3144 791 quos

1001 776 1497 873 quinquennio
1555 774 1862 873 amplius
1901 774 2394 849 miserabiliter
2441 789 2547 847 est
2593 798 3016 873 perpessus,
3065 777 3140 847 in

998 893 1258 965 eodem
1285 916 1567 964 carcere
1593 915 1634 962 e
1665 892 1814 963 vita
1844 915 2074 990 nuper
2095 892 2432 987 migrasse
2453 905 2559 963 est
2575 890 3012 989 publicam,
3040 908 3136 983 et,

999 1027 1080 1084 ut
1096 1010 1543 1083 verisimilius
1566 1010 2029 1102 existimatur,
2049 1010 2491 1082 mendaciter
2510 1008 2888 1082 confictus¹
2919 1038 2940 1099 3
2969 1034 3140 1083 nam

998 1152 1165 1199 eum
1208 1126 1447 1199 adhuc
1487 1125 1563 1196 in
1606 1126 1937 1222 squalore
1984 1126 2286 1197 carceris
2320 1126 2544 1197 vitam
2590 1124 2958 1196 infelicem
3009 1140 3142 1197 tra-

994 1243 1166 1314 here
1212 1268 1256 1315 a
1290 1243 1617 1340 plurimis
1659 1242 1972 1313 creditur
2006 1256 2078 1313 et
2106 1242 2445 1314 asseritur
2466 1245 2510 1311 ’.
2548 1240 2690 1312 Sed
2718 1264 2890 1312 eum
2917 1241 3140 1313 vitam

994 1359 1254 1432 finiisse
1302 1358 1623 1431 affictum
1665 1374 1772 1429 est
1804 1372 1884 1429 ut
1919 1373 2150 1431 castra
2185 1372 2260 1429 et
2308 1372 2509 1429 terrae
2543 1357 2859 1428 ecclesiae
2889 1357 3141 1429 Virdu-

995 1475 1269 1563 nensiS,
1318 1490 1662 1570 tanquam
1702 1475 2017 1545 vacantis
2042 1530 2062 1567 ,
2103 1496 2329 1546 manu
2374 1474 2567 1571 regia
2612 1489 3142 1571 occuparentur

999 1595 1241 1689 (prout
1274 1590 1364 1662 de
1408 1589 1591 1661 facto
1624 1591 1886 1661 exstitit
1916 1590 2252 1687 sactum),
2295 1605 2366 1663 et
2397 1604 2502 1683 ut,
2554 1589 2612 1662 si
2652 1587 2808 1660 fieri
2857 1606 3132 1688 posset,

993 1709 1193 1780 alteri
1240 1706 1333 1778 ad
1373 1706 1707 1779 eamdem
1735 1706 2107 1779 ecclesiam
2147 1709 2523 1806 pervenire
2554 1706 2907 1779 ambienti
2929 1763 2951 1800 ‚
2993 1722 3138 1780 tan-

994 1848 1214 1920 quam
1244 1848 1373 1921 per
1419 1821 1696 1893 obitum
1732 1820 2091 1919 pontificis
2137 1837 2514 1895 vacantem
2534 1878 2554 1915 ,
2593 1823 3134 1920 provideretur,

993 1938 1639 2050 quemadmodum
1654 1952 1725 2009 et
1759 1936 1850 2009 de
1899 1937 2111 2009 nobis
2159 1937 2324 2027 suit,
2362 1952 2693 2036 utsupra
2731 1937 3132 2031 retulimuS,

993 2058 1314 2130 similiter
1351 2054 1742 2126 confictum
1770 2070 1840 2127 et
1873 2069 2412 2153 praesumptum.

1091 2172 1487 2244 Cardinalis
1516 2185 1757 2242 autem
1790 2171 2033 2260 etiam,
2073 2186 2154 2242 ut
2187 2170 2433 2260 fertur,
2474 2169 2716 2243 adhuc
2751 2186 3133 2269 superste5‚

996 2288 1549 2361 infelicissimam
1590 2287 1811 2357 vitam
1857 2300 1927 2355 et
1971 2300 2200 2357 morte
2257 2286 2687 2357 amariorem
2738 2288 2820 2357 in
2878 2287 3138 2359 eodem

991 2406 1320 2504 squalore
1346 2405 1650 2475 carceris
1690 2402 1972 2474 trahere
1995 2405 2476 2501 compellitur,
2513 2404 3138 2500 quemadmodum

987 2524 1195 2595 latius
1226 2545 1443 2619 supra
1476 2520 1691 2591 etiam
1725 2521 2107 2591 retexuisse
2139 2520 2601 2591 meminimus
2623 2522 2668 2591 ³.

1076 2754 1132 2809 1.
1177 2754 1259 2806 Le
1298 2746 1494 2805 Gallia
1535 2746 1816 2801 chistiana
1853 2743 2016 2821 parle
2055 2744 2126 2801 de
2162 2762 2229 2801 ce
2266 2742 2426 2801 bruit
2469 2742 2732 2822 repandu
2775 2745 3042 2823 pendant
3078 2769 3136 2805 sa

985 2842 1279 2902 detention
1306 2885 1321 2912 ,
1354 2854 1396 2897 t.
1432 2842 1608 2912 XIII,
1648 2838 1763 2896 col.
1805 2841 1980 2895 1236.

1069 2942 1127 2994 2.
1174 2936 1224 2993 11
1250 2936 1337 2993 sut
1367 2933 1475 2992 mis
1506 2933 1649 2990 dans
1678 2951 1795 2989 une
1822 2930 1895 2989 de
1914 2951 2008 2989 ces
2037 2931 2320 2989 sameuses
2350 2950 2519 3011 cages
2551 2932 2624 2990 de
2651 2932 2738 2991 ser
2760 2932 2910 2992 dont
2935 2935 2978 2993 il
3005 2936 3138 2995 etait

986 3032 1361 3100 l’inventeur,
1407 3048 1483 3085 au
1518 3027 1645 3085 dire
1690 3027 1762 3085 de
1801 3026 2148 3085 Commines.
2185 3032 2268 3084 La
2306 3026 2506 3083 sienne
2544 3026 2681 3084 etait
2715 3032 3037 3106 composi-e
3069 3030 3134 3088 de

990 3129 1106 3184 158
1140 3123 1333 3201 pieces
1363 3121 1434 3178 de
1469 3121 1786 3198 chan-pente
1815 3133 1867 3177 et
1907 3119 1981 3177 de
2012 3122 2167 3178 3953
2197 3120 2372 3177 livres
2410 3134 2615 3197 pesant
2642 3118 2716 3178 de
2743 3122 2856 3181 ser.
2891 3125 3128 3194 Sam-al,

984 3218 1086 3295 qui
1119 3237 1269 3274 nous
1298 3236 1370 3275 en
1406 3235 1440 3273 a
1468 3216 1750 3273 conserve
1781 3214 1834 3271 le
1855 3214 2133 3271 memoire
2162 3213 2234 3271 de
2267 3213 2656 3271 construction
2681 3212 3036 3293 (Antiquites
3065 3219 3130 3275 de

988 3312 1144 3370 Paris
1169 3359 1185 3385 ,
1218 3324 1260 3372 t.
1307 3316 1424 3384 111,
1454 3330 1516 3387 p.
1553 3313 1728 3383 428),
1773 3309 1856 3365 dit
1886 3309 2098 3385 qu'elle
2133 3309 2218 3365 sut
2251 3309 2388 3366 saite
2416 3309 2740 3368 seulement
2767 3330 2842 3368 en
2887 3316 3046 3372 1476
3079 3328 3130 3371 et

984 3405 1182 3483 placeo
1211 3404 1355 3462 dans
1381 3405 1539 3461 l’une
1567 3404 1667 3459 des
1698 3416 1856 3459 tours
1885 3402 1958 3459 de
1986 3403 2040 3459 la
2063 3402 2315 3460 Bastille.
2347 3403 2395 3459 Il
2425 3403 2572 3461 n'est
2599 3403 2750 3461 donc
2782 3424 2890 3482 pas
2917 3407 3126 3464 certain

984 3523 1097 3579 que
1126 3523 1190 3560 ce
1220 3504 1329 3560 soit
1359 3506 1391 3559 ἒι
1416 3523 1480 3560 ce
1509 3521 1686 3579 genre
1716 3500 1788 3557 de
1816 3501 2020 3557 cachot
2049 3520 2164 3578 que
2191 3500 2403 3559 veuille
2430 3500 2574 3560 faire
2604 3501 2856 3560 allusion
2885 3503 3128 3561 Thema<

983 3595 1179 3667 Basin,
1209 3596 1289 3653 lui
1324 3596 1421 3673 qui
1450 3594 1689 3653 eci-ivait
1722 3614 1788 3652 ce
1816 3598 1996 3671 qu'on
2027 3594 2093 3651 lit
2123 3593 2194 3651 ici
2225 3613 2296 3652 en
2333 3598 2507 3653 1474.
2529 3594 2682 3668 Quoi
2715 3594 2858 3671 qu'il
2892 3616 2966 3655 en
2998 3599 3120 3668 soit,

980 3689 1247 3765 l'eveque
1289 3690 1360 3746 ‹le
1401 3689 1637 3745 Vei-dun
1674 3701 1779 3766 put
1810 3709 1870 3745 se
1898 3688 2078 3745 livrer
2105 3691 2136 3744 a
2169 3687 2386 3745 l'etude
2415 3687 2676 3765 pendant
2717 3708 2781 3745 sa
2814 3690 3119 3767 captis-ite:

982 3782 1017 3839 il
1052 3783 1243 3860 apprit
1285 3784 1337 3839 le
1388 3783 1542 3840 droit
1586 3796 1641 3840 et
1680 3803 1718 3859 y
1762 3782 1962 3839 devint
2017 3781 2089 3839 de
2137 3782 2424 3859 premiere
2472 3783 2654 3842 soree.
2709 3786 2910 3839 Gallia
2959 3786 3122 3838 chris-

984 3885 1177 3951 tiana,
1235 3878 1274 3934 1.
1317 3900 1369 3939 c,

1065 3975 1123 4027 3.
1163 3973 1386 4047 Voyez‚
1416 3991 1475 4047 p.
1514 3974 1651 4027 317.
