3400 5417
1168 516 1383 572 LIBER
1424 516 1803 572 SECUNDUS
1815 560 1826 572 .
2437 516 2554 572 365

420 650 731 746 regionis
802 663 1305 747 cooperatores
1367 662 1439 719 et
1500 662 1647 719 tam
1719 662 1966 719 sancto
2033 649 2558 719 consentientes

420 764 653 837 labori
686 764 839 837 fieri
884 766 1313 838 curavimus.
1358 763 1475 836 Ob
1517 764 1718 861 quod
1769 779 1840 835 et
1870 763 2154 863 tyranni
2188 780 2259 837 et
2305 765 2560 837 multo·

422 905 583 951 rum
638 882 1091 979 iniquorum,
1156 904 1334 977 quas
1385 904 1601 979 supra
1656 880 2128 971 retexuimus,
2193 879 2443 951 odium
2488 896 2558 951 et

422 997 951 1093 persecutiones
980 997 1410 1069 incurrimus
1447 1011 1659 1092 atque
1688 994 2134 1094 pertulimus.

522 1116 821 1212 Propter
873 1113 1069 1209 quod
1118 1113 1509 1211 plurimum
1551 1112 2011 1185 consolamur
2058 1114 2133 1182 in
2191 1111 2554 1201 Domino;

422 1226 666 1323 quem,
701 1254 868 1301 cum
901 1230 989 1300 sit
1012 1231 1293 1321 veritaS,
1335 1229 1621 1300 fidelem
1654 1254 1806 1299 esse
1837 1252 1985 1298 non
2019 1226 2457 1320 dubitamuS‚
2490 1243 2563 1300 et

423 1344 872 1417 confidenter
902 1346 994 1418 ab
1029 1348 1180 1444 ejus
1227 1347 1603 1418 clementia
1638 1345 2045 1416 mercedem
2091 1344 2184 1416 ab
2217 1370 2306 1415 eo
2339 1342 2562 1417 beati-

423 1462 691 1534 tudinis
735 1466 1239 1563 repromissam
1280 1466 1393 1537 his
1435 1464 1559 1560 qui
1610 1478 1904 1563 propter
1946 1462 2290 1558 justitiam
2323 1487 2562 1560 perse-

424 1582 787 1652 cutionem
825 1584 1218 1679 patiuntur,
1257 1598 1775 1679 exspectatum,
1811 1580 1960 1649 imo
1993 1580 2230 1676 potius
2265 1580 2560 1675 gratiam

424 1721 557 1794 pro
594 1700 839 1792 gratia.
887 1728 919 1764 «
970 1700 1161 1770 Beati
1206 1726 1240 1763 n
1288 1699 1521 1795 inquit
1576 1728 1610 1765 «
1652 1698 1870 1789 eritis,
1910 1722 2075 1768 cum
2108 1695 2394 1767 oderint
2436 1722 2564 1769 vos

422 1812 791 1903 homines3
830 1829 901 1884 et
934 1841 1101 1885 cum
1146 1815 1626 1912 separaverint
1660 1839 1790 1884 vos
1825 1828 1894 1884 et
1933 1812 2558 1910 exprobraverint,

428 1943 496 1998 et
530 1930 866 2025 ejecerint
901 1956 1167 2001 nomen
1202 1945 1516 2001 vestrum
1555 1943 1900 2025 tanquam
1941 1928 2238 2020 malum,
2273 1944 2566 2025 propter

426 2040 651 2114 filium
688 2045 1030 2139 hominis,
1074 2046 1373 2142 gaudete
1411 2061 1481 2117 et
1514 2047 1898 2136 exsultate3
1948 2071 2113 2117 ecce
2153 2046 2346 2116 enim
2382 2072 2565 2116 mer-

424 2186 542 2232 ces
584 2179 817 2235 vestra
844 2164 1067 2234 multa
1095 2178 1199 2233 est
1226 2165 1297 2233 in
1328 2166 1537 2233 coelo.
1585 2193 1618 2229 υ
1651 2168 1814 2233 Haec
1848 2163 2041 2232 enim
2076 2187 2234 2259 spes
2259 2176 2328 2231 et
2361 2160 2565 2234 firma

426 2292 639 2373 atque
674 2295 865 2351 certa
897 2280 1355 2376 exspectati0‚
1390 2304 1607 2374 quam
1646 2306 1796 2348 non
1831 2278 1921 2349 de
1957 2278 2264 2374 propriis
2301 2280 2566 2351 meritis

430 2394 533 2464 vel
565 2395 871 2491 justitia,
912 2396 1035 2467 sed
1071 2396 1161 2467 de
1196 2396 1349 2468 sola
1390 2398 1520 2467 Dei
1562 2394 2050 2467 misericordia
2087 2409 2155 2464 et
2191 2395 2567 2468 clementia

429 2512 605 2581 mihi
656 2528 1020 2610 antepono
1084 2539 1167 2584 ac
1225 2512 1549 2609 put-sem,
1624 2538 1739 2582 me
1787 2512 2154 2582 consolata
2205 2527 2309 2581 est
2353 2514 2569 2609 pluri-

428 2652 772 2724 mumque
810 2627 1053 2698 dictim
1085 2630 1495 2700 consolatur
1525 2631 1597 2699 in
1632 2629 2030 2698 humilitate
2071 2653 2250 2699 mea.
2300 2634 2380 2698 Et
2406 2630 2570 2700 licet

431 2768 662 2838 neque
699 2745 1054 2814 dictorum
1100 2771 1517 2841 procerum,
1560 2770 1790 2839 neque
1836 2760 2102 2836 nostra,
2147 2771 2376 2841 neque
2412 2747 2568 2842 plu-

428 2860 778 2931 rimorum
849 2862 1152 2931 aliorum
1214 2863 1602 2933 zelatorum
1656 2863 1939 2957 justitiae
2008 2863 2125 2959 pia
2195 2877 2264 2933 et
2327 2878 2568 2935 sancta

430 2978 731 3048 intentio
759 3032 777 3063 ,
849 3004 1063 3074 quem
1132 2978 1560 3075 putabamus
1633 2978 2240 3075 sperabamusque
2265 3036 2282 3071 ‚
2366 2980 2570 3050 suerit

432 3108 813 3163 consecuta
872 3094 1244 3181 effectum,
1306 3109 1542 3163 tamen
1611 3094 1906 3164 firmiter
1971 3110 2038 3164 et
2109 3094 2378 3189 absque
2429 3097 2571 3167 ulla

430 3207 870 3280 haesitatione
926 3209 1357 3280 confidimus
1404 3235 1444 3280 a
1498 3210 2050 3280 clementissimo
2090 3215 2290 3281 Patre
2339 3237 2571 3308 neque

433 3326 623 3422 ipsos
660 3353 889 3422 neque
929 3353 1060 3397 nos
1092 3342 1343 3399 nostrae
1378 3326 1587 3397 bonu*
1626 3327 2011 3397 voluntatis
2043 3327 2349 3397 fraudari
2386 3354 2570 3398 mer-

436 3444 609 3514 cede
653 3460 722 3515 et
760 3445 1025 3529 fructu,
1080 3446 1199 3539 qui
1240 3470 1385 3514 non
1423 3444 1513 3515 ab
1551 3469 1788 3514 rernm
1822 3444 2048 3529 exitu,
2091 3443 2216 3513 sed
2256 3468 2298 3515 a
2332 3461 2574 3517 sancta

437 3560 721 3655 piorum
775 3562 1168 3631 intentione
1219 3586 1437 3657 opera
1486 3575 1728 3630 nostra
1773 3574 2019 3656 pensat
2070 3575 2136 3629 ct
2190 3561 2565 3657 approbat.

444 3704 476 3740 «
519 3676 783 3765 Exitus,
836 3707 866 3738 υ
911 3678 1140 3772 inquit
1170 3676 1428 3745 nobilis
1460 3691 1669 3771 pocta
1709 3675 2008 3745 Ovidius
2043 3677 2567 3769 interrogative,

444 3824 476 3857 «
521 3808 677 3865 acta
710 3792 1019 3891 probat?
1052 3824 1083 3859 »
1124 3809 1190 3863 et
1230 3794 1426 3889 quod
1466 3791 1731 3862 diceret
1768 3818 1954 3883 non,
1993 3793 2337 3865 subinfert
2371 3823 2384 3864 ε

1313 3967 1536 4027 Carent
1570 3966 1956 4029 succ-essibus
1990 3984 2143 4054 opto

666 4074 964 4160 Quisquis
996 4074 1075 4135 ab
1111 4090 1339 4135 eventu
1380 4072 1541 4134 facta
1582 4072 1861 4135 notanda
1903 4090 2104 4161 putat.
