3400 5417
956 505 970 517 1
1036 500 1253 557 mmm
1294 500 1597 583 sums.
2305 504 2378 559 99

250 656 511 703 norum
528 687 547 723 ,
581 632 1019 705 exstiterant.
1056 634 1141 701 Hi
1171 656 1339 703 cum
1378 632 1769 727 quemdam
1795 631 2108 728 burgum
2144 636 2388 731 appel-

248 747 471 817 latum
492 749 923 835 Eminesse¹,
959 747 1125 817 satis
1146 747 1520 846 locupletis
1537 772 1622 818 ac
1656 745 1978 819 bellicosi
1997 762 2066 818 et
2096 748 2383 847 superbi

248 860 500 959 populi
566 862 1024 934 multitudine
1082 860 1419 933 refertum
1442 919 1460 955 ,
1513 865 2011 955 vastavissent,
2061 863 2388 962 diripuis-

252 992 401 1048 sent
448 992 521 1049 et
555 992 1026 1070 cremassent,
1064 976 1389 1075 pluribus
1431 978 1572 1049 loci
1611 978 1873 1051 accolis
1905 980 2017 1052 vel
2050 980 2244 1051 caesis
2274 982 2382 1051 vel

251 1098 499 1193 captiS,
542 1096 635 1169 ad
684 1094 1223 1168 incendendum
1270 1097 1534 1195 pariter
1574 1112 1643 1168 et
1690 1096 2119 1169 vastandum
2181 1122 2388 1194 quas-

252 1210 416 1284 dam
438 1213 668 1306 villas,
694 1213 861 1284 sitas
896 1212 990 1283 ad
1008 1238 1238 1283 unum
1264 1213 1561 1286 milliare
1590 1215 1701 1285 vel
1740 1213 1888 1284 duo
1914 1213 2005 1284 de
2029 1214 2377 1309 Trajecto,

256 1328 322 1397 in
369 1328 509 1400 illis
566 1328 1000 1426 palustribus
1045 1328 1222 1400 locis
1274 1356 1313 1401 e
1364 1330 1625 1427 quibus
1673 1330 1766 1401 ad
1813 1329 2386 1402 comburendum

254 1460 321 1515 et
352 1446 555 1518 focos
595 1446 1227 1545 componendum*
1262 1449 1490 1543 patria
1539 1449 1657 1519 illa
1696 1448 1798 1517 uti
1833 1449 2008 1519 solet
2038 1449 2155 1544 (eo
2191 1449 2389 1544 quod

258 1561 389 1631 illic
412 1587 653 1659 neque
675 1564 882 1660 sylvae
898 1620 917 1654 ‚
952 1588 1184 1660 neque
1207 1562 1501 1634 arbores
1525 1563 1616 1635 ad
1645 1562 2166 1635 combustionis
2190 1591 2383 1656 usuS,

259 1679 579 1751 nisirarae
612 1679 1041 1765 admodum,
1089 1681 1600 1776 inveniantur),
1648 1682 1778 1751 iter
1801 1682 2236 1754 direxerunt.

356 1792 487 1864 Ubi
529 1793 861 1864 incendia
894 1809 963 1864 et
999 1793 1272 1891 praedas
1305 1818 1471 1864 cum
1522 1809 1849 1887 agerent,
1891 1794 2196 1866 flammis
2231 1819 2386 1866 ma-

262 1908 701 1981 nifestissime
737 1911 809 1979 in
854 1910 1175 2004 Trajecto
1216 1908 1736 1980 collucentibus
1789 1925 2001 2005 atque
2044 1936 2391 2010 apparen-

260 2026 480 2118 tibus,
534 2028 770 2098 statim
812 2042 959 2097 tam
1007 2026 1278 2095 rutheri
1318 2050 1534 2120 quam
1586 2051 1846 2123 magna
1893 2027 2157 2098 civium
2206 2029 2390 2098 mul-

260 2145 478 2216 titudo
511 2201 531 2237 ,
608 2169 834 2241 usque
899 2142 989 2214 ad
1059 2168 1485 2233 numerum,
1557 2160 1636 2215 ut
1705 2144 2092 2238 ferebatur,
2164 2170 2388 2243 prope

262 2261 569 2357 quinque
605 2258 907 2330 millium
940 2259 1317 2329 hominum
1338 2316 1355 2350 ,
1391 2262 1683 2330 confuse
1717 2275 1787 2331 et
1838 2261 2105 2357 absque
2139 2262 2390 2332 ordine

264 2376 471 2471 portis
524 2376 666 2446 suis
715 2390 1142 2472 eruperunt,
1194 2389 1406 2471 atque
1459 2376 1549 2445 ad
1584 2376 1779 2467 loca,
1821 2378 1893 2447 in
1943 2376 2205 2475 quibus
2242 2403 2390 2448 esse

264 2490 487 2562 hostes
520 2489 922 2561 sentiebant
942 2545 959 2580 ,
1001 2505 1465 2588 properanter
1500 2506 2044 2563 concurrerunt.
2076 2492 2178 2562 Ad
2209 2519 2391 2589 quos

266 2630 417 2676 cum
476 2607 779 2704 propius
838 2609 1325 2699 accessissent,
1384 2624 1453 2677 et
1514 2634 1637 2679 eos
1698 2607 1939 2703 sugam
2007 2623 2382 2705 capturOS,

266 2722 866 2815 quemadmodum
909 2724 1081 2795 alias
1115 2748 1339 2823 prope
1377 2724 1644 2794 flumen
1684 2725 1960 2815 Leckae‚
1998 2725 2196 2819 juxta
2227 2723 2388 2794 bas-

266 2834 471 2906 tiliam
536 2837 895 2929 fecerant,
962 2838 1517 2929 arbitrarentur,
1578 2840 1846 2935 experti
1902 2853 2068 2909 sunt
2120 2839 2388 2909 damno

265 2975 383 3019 suo
420 2977 491 3022 se
539 2977 706 3021 cum
746 2954 1035 3023 armatis
1079 2954 1247 3022 viris
1294 2954 1657 3047 negotium
1690 2953 1982 3024 habere.
2039 2954 2179 3041 Qui
2223 2980 2385 3024 cuni

265 3090 376 3135 eos
425 3068 749 3139 alacriter
789 3069 1229 3163 acciperent,
1281 3084 1351 3139 et
1395 3070 1468 3138 in
1508 3096 1631 3139 eos
1672 3071 2072 3166 composito
2108 3072 2389 3164 agmine

268 3180 634 3270 irruerent,
688 3183 877 3254 illico
921 3186 1051 3281 ipsi
1097 3186 1571 3279 Trajectenses
1624 3200 1815 3280 terga
1859 3186 2289 3256 dederunt&
2337 3192 2387 3255 E

265 3300 545 3393 quibus,
596 3316 745 3373 tam
787 3302 877 3372 de
913 3304 1232 3393 civitate,
1276 3329 1491 3400 quam
1532 3303 1960 3373 suburbanis
2014 3318 2082 3372 et
2140 3305 2388 3373 vicinis

268 3415 463 3508 ullis,
497 3420 846 3516 perempti
881 3434 1048 3489 sunt
1081 3420 1357 3491 circiter
1392 3419 1583 3489 mille
1613 3434 1681 3489 et
1710 3419 2115 3515 quingenti3
2155 3420 2390 3515 plures

268 3680 654 3762 bourguignon
704 3698 759 3741 et
787 3684 973 3741 obtint
1017 3686 1089 3742 dc
1124 3686 1354 3744 Charles
1399 3688 1449 3743 le
1484 3688 1807 3743 Te'meraire
1848 3686 1905 3757 je
1940 3706 2014 3742 ne
2049 3687 2159 3743 sais
2199 3686 2389 3761 quelle

266 3775 569 3854 seigneurie
610 3778 683 3835 de
720 3780 1142 3839 Saint-Martin.
1190 3783 1278 3835 On
1321 3779 1609 3858 l'appelait
1653 3781 1703 3835 l÷=
1737 3780 1878 3836 Petit
1908 3781 2133 3837 Salazar
2162 3800 2307 3856 pour
2338 3781 2389 3835 le

268 3868 565 3948 distinguer
607 3872 677 3928 de
725 3877 865 3929 Jean
922 3872 995 3928 de
1043 3874 1289 3935 Salazar,
1341 3872 1779 3949 probablemvnt
1837 3893 1936 3929 son
1997 3885 2234 3949 parent,
2291 3873 2385 3947 qui

268 3965 419 4019 servit
453 3966 595 4022 dans
624 3967 703 4022 les
728 3968 948 4024 arniees
981 3968 1286 4043 franqaises
1315 3986 1447 4023 sous
1472 3966 1703 4025 Cliarles
1727 3970 1830 4023 vll
1853 3981 1903 4023 et
1937 3987 2067 4022 sous
2091 3966 2259 4022 Lmu's
2281 3970 2382 4023 XI.

340 4062 388 4115 1.
438 4062 753 4117 Emeresse.

335 4154 389 4205 2.
435 4151 797 4209 C'est-a-dire
828 4153 907 4209 les
940 4154 1276 4211 tour-hieros.

346 4247 396 4299 3.
446 4252 487 4299 Α
524 4246 914 4305 Westbroeck.
