3400 5417
966 552 1081 610 ³28
1817 546 2235 623 nomeu,

960 679 1157 779 apud
1172 680 1529 751 Treverim
1555 678 1800 751 litterae
1823 678 2108 776 perlatae
2129 678 2444 771 fuissent,
2472 678 2698 750 risum
2721 679 2839 749 vix
2863 692 3098 751 tenere

965 796 1364 893 potuimuS‚
1418 793 1617 892 quod
1668 793 1889 889 aliqui
1934 807 2085 865 tam
2133 791 2546 891 insipientes
2587 817 2722 865 nos
2759 794 3100 865 aestimare

964 912 1364 1011 potuissent
1384 908 1583 1006 quod
1607 908 1742 981 sub
1774 910 1895 981 tali
1924 923 2214 1007 tamque
2245 910 2472 982 cruda
2500 932 2636 983 nos
2654 911 3101 984 committere

964 1028 1385 1100 deberemus
1428 1027 1791 1118 cautione,
1845 1050 2003 1123 quae
2058 1050 2207 1097 non
2259 1024 2458 1101 aliud
2505 1024 2852 1099 afferebat
2889 1052 3102 1126 quam

963 1168 1211 1214 secure
1263 1168 1397 1215 nos
1444 1142 1765 1239 captivos
1803 1139 2143 1234 reddere,
2179 1156 2252 1215 et
2301 1142 2427 1237 tali
2468 1166 2752 1215 carcere
2785 1142 2886 1215 ad
2929 1146 3105 1239 regis

966 1260 1411 1331 voluntatem
1435 1283 1570 1330 nos
1592 1271 1864 1331 arctare
1891 1272 2106 1355 atque
2138 1257 2473 1331 claudere
2495 1283 2896 1357 possemus,
2929 1261 3106 1338 Sane

962 1402 1130 1448 cum
1166 1378 1364 1465 aliaS,
1404 1391 1483 1449 ut
1518 1400 1736 1475 supra
1780 1376 2262 1470 narravimus,
2301 1375 2435 1449 sub
2470 1376 2887 1475 plenissima
2921 1404 3107 1451 secu·

961 1494 1165 1567 ritate
1185 1548 1205 1585 ,
1273 1516 1429 1589 quae
1482 1491 1882 1590 plenariam
1926 1494 2143 1565 etiam
2187 1493 2710 1565 restitutionem
2757 1495 3109 1565 omnimo—

964 1608 1273 1706 damque
1296 1608 1699 1679 libertatem
1724 1608 2203 1706 polliceretur,
2243 1609 2529 1701 reversi,
2560 1609 2742 1680 nihil
2769 1609 3106 1683 observa-

964 1736 1119 1794 tum
1157 1722 1371 1794 nobis
1403 1723 1597 1815 fidei,
1636 1722 1763 1795 sed
1802 1724 2170 1795 dumtaxat
2208 1723 2750 1821 proscriptionis
2777 1725 3111 1820 injuriam

965 1867 1135 1914 cum
1167 1839 1463 1911 infinitis
1488 1839 1781 1935 jacturis
1817 1855 1889 1911 et
1924 1840 2406 1912 incommodis
2433 1840 2953 1933 invenerimus,
2987 1844 3112 1913 mi-

969 1983 1130 2029 rum
1163 1969 1267 2027 est
1296 1955 1671 2052 quomodo
1701 1955 1814 2027 vel
1846 1955 1967 2026 ille
2001 1955 2365 2048 domium,
2401 1956 2517 2027 vel
2551 1956 2674 2027 alii
2707 1958 2950 2052 quivis
2977 1973 3110 2029 tam

970 2072 1579 2145 inconsiderantes
1609 2086 1838 2163 erant,
1868 2069 2070 2167 quod
2099 2085 2430 2169 putarent
2453 2072 2644 2143 ultro
2674 2071 2800 2143 tali
2826 2085 3114 2169 tamque

971 2189 1262 2287 ancipiti
1308 2187 1487 2259 velle
1533 2212 1667 2258 nos
1713 2188 1908 2286 ipsos
1954 2210 2237 2258 carcere
2288 2185 2806 2286 praedamnare.
2851 2191 3113 2259 Verum

973 2328 1066 2375 ne
1117 2304 1496 2399 quisquam
1541 2302 1892 2373 existimet
1924 2303 2159 2399 ipsum
2199 2301 2581 2374 dominum
2634 2305 3012 2376 comitem’
3047 2306 3115 2376 in

972 2418 1472 2516 hujuscemodi
1530 2442 1663 2516 pro
1721 2406 1932 2489 nobis
1990 2418 2542 2511 interventione,
2595 2418 2692 2490 ob
2750 2418 3114 2492 honorarii

979 2536 1375 2624 defectum,
1416 2536 1655 2606 minus
1699 2559 1886 2605 curae
1939 2558 2160 2629 quam
2212 2549 2653 2632 reposceret,
2692 2536 3112 2633 suscepisse,

974 2652 1539 2750 amplioremque
1593 2651 1892 2745 gratiam
1939 2649 2148 2720 fuisse
2200 2666 2732 2748 reportaturum
2780 2675 2823 2723 a
2869 2676 3038 2747 rege
3066 2653 3117 2722 si

978 2769 1235 2839 salario
1296 2768 1441 2838 sive
1508 2766 1906 2837 honorario
1960 2764 2225 2836 idoneo
2285 2782 2781 2839 remuneratus
2840 2768 3114 2857 fuisset,

977 2899 1166 2954 certe
1216 2885 1365 2981 ipse
1414 2883 1720 2979 proinde
1765 2882 1858 2954 de
1909 2881 2124 2953 bonis
2170 2884 2428 2956 nostris
2476 2884 2625 2955 duo
2679 2884 2879 2956 mille
2931 2901 3120 2957 scuta

981 3001 1135 3071 auri
1160 2999 1449 3087 hahuit3
1480 3024 1613 3070 nec
1649 3014 1889 3071 tamen
1921 3001 2368 3096 ampliorem,
2407 3025 2630 3098 quam
2665 3028 2886 3100 supra
2925 3028 2969 3075 a
3004 3028 3122 3074 no-

978 3116 1091 3187 bis
1120 3117 1419 3189 relatum
1448 3131 1575 3207 est,
1612 3118 1912 3211 gratiam
1941 3119 2349 3215 reportavit.

1648 3394 2162 3463 CAPITULUM
2211 3392 2459 3464 XXIII.

1140 3586 1387 3657 Objectio
1412 3597 1599 3638 contra
1625 3585 1992 3638 excusationes
2015 3585 2323 3655 praemissas,
2351 3597 2402 3638 et
2423 3584 2492 3637 ad
2515 3603 2630 3637 eam
2657 3586 2968 3657 responsio.

1086 3761 1225 3832 Sed
1255 3762 1543 3858 objiciet
1577 3762 1788 3833 nobis
1822 3763 2114 3834 sortasse
2146 3764 2498 3860 quispiam
2529 3762 2728 3858 quod
2764 3763 2984 3834 nimis
3015 3788 3123 3859 pa-

990 3878 1161 3967 vidi,
1201 3879 1411 3948 nimis
1448 3878 1897 3948 formidolosi
1925 3880 2372 3975 nimiumque
2406 3880 2496 3949 de
2532 3904 2695 3973 rege
2724 3877 3123 3949 diffidentes

992 3994 1274 4063 fuimus.
1317 3994 1517 4063 Multi
1554 3996 1748 4064 enim
1779 4021 1856 4064 cx
1893 3994 1975 4064 iis
2013 3995 2134 4089 qui
2171 4019 2510 4089 germano
2544 4019 2676 4065 suo
2716 3997 3124 4093 caeterisque

988 4110 1120 4180 sibi
1181 4125 1430 4180 contra
1478 4136 1628 4180 sese
1692 4111 2080 4205 conjuratis
2133 4111 2577 4209 principibus
2634 4111 3080 4184 adhaeseraut
3102 4166 3117 4192 ‚

1080 4311 1127 4362 2.
1176 4304 1348 4361 Louis
1379 4304 1450 4361 de
1478 4304 1764 4365 Chatillon
1793 4308 2005 4381 pon-tait
2033 4303 2086 4360 le
2117 4306 2248 4362 titre
2277 4304 2350 4363 de
2381 4305 2491 4362 sire
2515 4348 2530 4371 ‚
2568 4316 2626 4360 et
2657 4322 2777 4360 non
2809 4304 2882 4361 de
2912 4316 3116 4360 comte.
