3400 5417
1009 544 1127 600 292
1371 550 1376 558 ·
1866 543 2245 602 nomeu
2265 541 2287 616 ,·

1007 676 1252 775 patriae
1287 677 1469 749 adeo
1509 692 1788 772 gratum
1844 701 1889 748 a
1926 701 2091 773 rege
2136 679 2251 750 vel
2284 678 2719 750 destinatum
2762 677 2879 747 vel
2938 675 3139 746 fuisse

1009 793 1500 865 commissum.
1555 790 1760 864 Unde
1805 816 2009 884 cum,
2065 791 2276 863 nobis
2330 792 2475 864 illic
2527 789 2945 887 agentibus,
2984 815 3143 860 suus

1011 909 1324 1007 optimus
1371 907 1694 982 Elnensis
1758 907 2067 980 ecclesiae
2130 908 2452 1005 pontifex
2515 933 2601 978 ex
2648 906 2791 978 hac
2838 904 3145 976 instabili

1005 1025 1164 1097 luce
1200 1027 1570 1120 migrasset
1612 1023 1707 1095 ad
1748 1023 2111 1095 Christum
2134 1029 2181 1116 ¹,
2237 1022 2589 1122 optabant
2632 1021 3141 1120 quamplurimi

1006 1155 1111 1230 ut,
1151 1141 1443 1213 dimissa
1469 1155 1714 1211 nostra
1749 1139 2195 1232 Lexoviensi,
2226 1138 2649 1237 hujusmodi
2676 1139 3007 1234 regimen
3038 1161 3143 1206 ec·

1006 1257 1234 1328 clesiae
1267 1260 1544 1354 assequi
1579 1256 1964 1350 vellemuS‚
2017 1256 2219 1354 cujus
2253 1271 2648 1355 proventus
2702 1279 2860 1326 non
2916 1255 3143 1324 minus

1005 1372 1262 1445 uberes
1289 1375 1535 1471 utique
1560 1373 1928 1444 exsistunt.
1952 1371 2058 1444 Ad
2079 1396 2240 1444 eam
2251 1396 2426 1444 vero
2444 1357 2601 1442 rem
2624 1369 3141 1468 perficiendam

1005 1492 1337 1562 nonnulli
1364 1491 1454 1561 de
1491 1488 1886 1585 majoribus
1921 1487 2286 1560 nobilibus
2319 1488 2613 1560 daturos
2644 1513 2719 1560 se
2743 1511 3055 1585 operam
3083 1501 3142 1557 et

1002 1632 1206 1679 suam
1251 1606 1650 1678 offerebant
1695 1606 2325 1677 interventionem.
2367 1605 2619 1702 Atqui,
2657 1603 2845 1674 ‘licet
2876 1603 2960 1673 in
3000 1627 3141 1672 mo·

998 1722 1195 1793 ribus
1229 1723 1454 1818 gentis
1481 1721 1709 1793 multa
1732 1723 1897 1792 satis
1931 1720 2565 1792 commendatione
2594 1718 2819 1815 digna
2851 1743 3140 1814 cognos-

999 1865 1322 1911 ceremus
1355 1856 1566 1936 atque
1609 1838 2084 1937 probaremus
2106 1895 2128 1934 ,
2167 1853 2411 1909 tamen
2443 1837 2626 1908 aeris
2661 1835 2856 1906 illius
2902 1836 3143 1906 intem-

999 1957 1402 2054 perantiam
1465 1953 1821 2050 nobisque
1900 1953 2383 2025 intolerabiles
2439 1966 2645 2024 aestus
2709 1951 2902 2022 serre
2960 1951 3143 2024 nullo

1000 2072 1224 2142 modo
1255 2072 1379 2143 diu
1409 2096 1618 2168 posse
1642 2070 2227 2141 existimavimus.
2264 2073 2447 2140 Nam
2478 2083 2550 2138 et
2577 2069 2769 2165 ipsos
2800 2067 3144 2162 indigenis

999 2214 1246 2284 graves
1312 2205 1526 2284 atque
1577 2189 1919 2259 molestos
1973 2211 2126 2259 esse
2178 2185 2582 2279 multasque
2622 2185 2729 2254 eis
2760 2184 3145 2280 quotannis

999 2303 1253 2374 aestivis
1305 2304 1675 2376 mensibus
1726 2304 2115 2402 importare
2158 2300 2608 2396 aegritudines
2639 2352 2658 2388 ,
2712 2313 2782 2370 et
2830 2299 2974 2396 ipsi
3010 2323 3143 2369 ma·

1000 2419 1256 2490 nisesto
1311 2420 1781 2517 probavimus
1838 2420 2368 2516 experiment0‚
2440 2432 2511 2488 et
2567 2441 2613 2488 a
2671 2417 2962 2487 cunctis
3014 2416 3143 2486 fere

1000 2536 1218 2633 ipsius
1283 2551 1485 2607 terrae
1547 2535 1809 2608 accolis
1874 2559 2056 2631 saepe
2125 2534 2565 2621 audivimus3
2630 2533 2757 2629 qui
2825 2533 3143 2629 profecto

1003 2653 1548 2726 admirabantur
1580 2650 1956 2748 quomodo
1986 2652 2136 2720 sine
2168 2649 2362 2721 febre
2390 2664 2702 2720 aestatem
2738 2648 2891 2719 illic
2932 2664 3143 2720 trans-

999 2773 1188 2864 igere
1226 2770 1616 2867 potuimus.
1656 2766 1961 2838 Aiebant
1996 2767 2191 2836 enim
2212 2820 2230 2855 ‚
2265 2767 2364 2836 uti
2394 2790 2673 2837 annuos
2704 2789 2971 2836 census
3002 2791 3146 2835 suo·

1001 2913 1162 2957 rum
1202 2885 1637 2983 praediorum
1684 2883 2000 2954 dominis
2054 2898 2406 2955 terrarum
2464 2882 2887 2977 regulariter
2932 2882 3144 2953 habe-

999 3017 1161 3075 rent
1207 3003 1606 3090 exsolvere,
1670 3001 1769 3072 ita
1819 2998 1955 3069 sibi
2010 3025 2138 3097 per
2192 3024 2424 3070 annos
2465 2998 2783 3093 singulos
2832 2996 3145 3068 febribus

1000 3118 1432 3190 decumbere
1464 3133 1824 3189 assuetum
1852 3117 2002 3186 fore
2020 3117 2183 3185 etin
2210 3113 2809 3186 consuetudinem
2832 3139 3139 3184 versum.

1001 3241 1265 3307 AEstate
1301 3259 1444 3331 qua
1475 3234 1620 3305 illic
1660 3233 1922 3303 suimus
1947 3286 1965 3320 ,
2006 3231 2295 3304 aiebant
2330 3256 2568 3302 aerem
2596 3229 2967 3301 salubrem
3004 3256 3142 3302 esse

1003 3355 1102 3450 (et
1137 3378 1381 3424 revera
1422 3351 1719 3422 minime
1765 3349 2103 3446 pestilens
2156 3349 2331 3443 erat)
2368 3375 2386 3438 ;
2430 3363 2711 3436 tamen,
2772 3349 2879 3417 uti
2933 3348 3140 3442 vulgo

1001 3468 1480 3542 aestimabatur
1504 3525 1522 3559 ,
1575 3468 1721 3537 duo
1787 3466 1929 3536 illic
1988 3465 2208 3535 millia
2258 3465 2638 3534 hominum
2696 3465 3145 3534 aestuantium

1081 3744 1108 3797 ‘l
1129 3787 1140 3800 .
1187 3741 1315 3800 Ceci
1345 3740 1563 3797 servira
1591 3740 1622 3793 31
1644 3737 1902 3812 corrigcr
1927 3735 1982 3791 le
2012 3737 2205 3790 Gallia
2232 3736 2545 3790 christiana
2570 3736 2636 3806 (t.
2656 3735 2759 3803 VI,
2790 3732 2912 3790 col.
2944 3738 3143 3804 {0633

1004 3837 1104 3910 qui
1139 3835 1237 3891 fait
1265 3834 1430 3890 vivre
1451 3832 1723 3908 jusqu'en
1755 3832 1909 3886 1469
1939 3827 2189 3884 Antoinc
2216 3826 2288 3882 de
2316 3826 2609 3895 Cardone,
2642 3845 2855 3904 promu
2892 3846 2971 3884 au
3000 3829 3144 3905 sie'ge

1003 3929 1204 3987 d²Elne
1252 3929 1306 3986 le
1352 3933 1426 3985 :23
1474 3924 1798 4002 septembre
1844 3924 2024 3982 1461.
2083 3926 2163 3978 Le
2215 3921 2407 3992 sejour
2450 3919 2522 3976 de
2562 3918 2809 3976 Thomas
2863 3921 3039 3977 Basin
3082 3940 3141 3976 en

1002 4024 1327 4080 Roussillon
1377 4032 1608 4098 portant.
1646 4039 1745 4074 sur
1782 4015 2007 4072 l'anne'e
2039 4019 2191 4072 1467
2230 4019 2276 4086 (x
2298 4062 2311 4075 .
2344 4019 2466 4087 st),
2504 4014 2541 4069 il
2570 4032 2643 4069 en
2672 4011 2893 4069 resulte
2928 4013 3146 4088 qu’An-

1005 4117 1158 4174 toine
1197 4115 1268 4172 de
1311 4115 1572 4173 Cardono
1610 4123 1842 4169 mourut
1875 4123 2021 4167 cette
2064 4108 2332 4165 annee-la
2362 4120 2420 4164 et
2460 4127 2573 4182 que
2605 4107 2660 4164 le
2702 4106 2859 4183 siege
2899 4121 3053 4162 resta
3078 4126 3141 4161 en

999 4228 1250 4267 vaeanee
1284 4208 1552 4283 jusqu'en
1601 4208 1782 4276 1471,
1814 4223 1927 4280 que
1972 4203 2055 4258 fut
2081 4200 2312 4258 institue
2352 4199 2583 4259 Charles
2620 4198 2694 4256 de
2734 4199 3138 4257 saint-Gelais.

999 4322 1332 4362 successeur
1369 4300 1698 4360 d’Antoine.
