3400 5417
893 477 1008 535 238
1186 529 1194 536 .
1684 539 1694 550 ,
1746 480 2125 540 APDLOGIA
2146 523 2163 552 ‚

893 609 1315 682 deberemus
1336 665 1354 700 ‚
1413 611 1794 707 aliquantis
1844 612 2099 684 diebus
2115 667 2135 702 ,
2196 613 2514 710 pericula
2574 613 2821 685 animo
2882 615 3027 687 vol-

892 743 1134 800 ventes
1153 784 1172 818 ,
1236 726 1550 823 ambigui
1615 730 2098 826 ancipitesque
2162 728 2519 800 haesimus.
2594 728 3029 802 Verebamur

892 846 1085 916 enim
1121 846 1472 942 primum,
1527 871 1693 916 cum
1725 845 1800 915 id
1857 844 2243 943 perficere,
2287 845 2391 916 uti
2442 869 2573 944 par
2610 862 2828 938 esset,
2885 872 3027 920 non

893 986 1302 1058 possemus,
1343 961 1518 1055 quin
1558 959 1771 1033 nobis
1814 971 2203 1059 praetensos
2238 959 2483 1052 dolos,
2523 962 2922 1034 calumnias
2952 987 3029 1035 ac

893 1077 1087 1147 varia
1120 1091 1192 1147 et
1224 1077 1687 1150 multiformia
1722 1077 2097 1150 molimina
2132 1078 2657 1175 intentatasque
2689 1093 2763 1148 et
2804 1077 3030 1150 inflic-

895 1206 999 1263 tas
1030 1193 1558 1289 persecutiones
1606 1209 2121 1286 retexeremuS,
2159 1218 2287 1284 ue,
2332 1192 2408 1264 id
2458 1191 2791 1266 faciendo
2838 1195 3034 1290 quod

895 1309 1188 1404 rogasti,
1230 1308 1675 1402 gravioribus
1703 1334 1839 1380 nos
1865 1324 1939 1380 et
1972 1308 2503 1380 sollicitioribus
2524 1334 2615 1381 ac
2642 1311 2874 1404 magis
2908 1311 3037 1381 sor-

895 1424 1263 1496 midolosis
1296 1425 1627 1522 periculis
1657 1425 2139 1521 injiceremus,
2178 1450 2397 1523 quam
2428 1426 2550 1497 illa
2580 1425 2855 1497 fuerint
2886 1451 3037 1523 qua:

896 1540 1238 1612 hactenus
1305 1543 1656 1638 perpessi,
1722 1543 1861 1613 hac
1911 1567 1956 1613 a
2014 1541 2226 1613 nobis
2299 1557 2662 1639 assumpta
2732 1543 3041 1639 peregri·

896 1657 1224 1745 natione,
1284 1656 1705 1752 effugimu33
1766 1658 2156 1756 praesertim
2215 1681 2381 1729 cum
2436 1657 2697 1729 talibus
2764 1672 3039 1755 patrata

897 1769 1038 1839 sint
1063 1767 1481 1839 auctoribus
1498 1823 1519 1858 ,
1551 1768 1642 1840 de
1675 1791 1987 1864 quorum
2016 1769 2323 1864 justitia,
2366 1769 2509 1840 fide
2550 1791 2635 1840 ac
2678 1768 3038 1866 probitate

895 1884 1110 1955 satius
1135 1899 1206 1954 et
1223 1884 1616 1955 consultius
1639 1886 1844 1956 silere
1868 1909 2087 1982 quam
2112 1884 2383 1982 aliquid
2416 1885 2655 1980 eloqui
2680 1885 2757 1954 in
2786 1885 3041 1956 alteru·

895 2016 1078 2074 tram
1124 2017 1401 2101 partem
1443 2003 1591 2074 fore
1627 2003 2039 2094 videretur3
2078 2003 2290 2075 simul
2331 2004 2547 2074 etiam
2580 2002 2783 2099 quod
2804 2059 2824 2095 ,
2878 2027 3043 2075 cum

896 2121 1147 2191 eadem
1215 2121 1623 2191 enarrando
1692 2120 2045 2191 nonnulla
2086 2120 2379 2191 reticere
2431 2143 2583 2190 non
2626 2143 3037 2217 possemus,

897 2261 1051 2332 quae
1085 2235 1178 2307 ad
1215 2237 1946 2333 quantulamcumque
1977 2236 2201 2306 nostri
2234 2235 2953 2307 commendationem
2980 2251 3045 2308 et

896 2353 1185 2425 laudem
1237 2354 1465 2426 facere
1515 2353 1966 2444 viderentur,
2027 2352 2461 2424 timebamus
2518 2379 2611 2426 ne
2654 2379 2741 2425 ex
2794 2377 3040 2424 eorum

897 2471 1308 2542 recitatione
1356 2469 1745 2568 jactantiae,
1807 2468 2005 2540 velut
2051 2468 2450 2566 cujuspiam
2484 2467 2574 2540 de
2619 2493 2693 2540 se
2736 2469 3045 2540 inaniter

899 2585 1299 2680 gloriantis,
1343 2588 1594 2657 vitium
1635 2611 1762 2656 seu
1814 2600 2061 2656 notam
2102 2586 2628 2656 incurreremus
2662 2583 2781 2655 vel
2816 2587 3045 2656 incur-

897 2702 1065 2772 risse
1105 2719 1545 2800 putaremur,
1595 2717 1806 2798 atque
1855 2702 2069 2771 etiam
2115 2725 2200 2771 ex
2242 2701 2387 2771 hoc
2434 2699 2707 2798 pusillis
2748 2713 2823 2770 et
2855 2701 3044 2772 infir·

899 2817 1246 2889 mioribus
1282 2817 1638 2914 aliquibus
1693 2817 1917 2887 ruinae
1965 2832 2179 2912 atque
2218 2815 2538 2888 scandali
2587 2818 3045 2888 occasionem

898 2935 1399 3032 praeberemuS.
1461 2936 1599 3006 Sed
1653 2957 1820 3020 cum
1873 2960 1912 3004 e
1960 2933 2241 3005 diverso
2286 2947 2525 3004 mente
2575 2936 3039 3028 agitaremu5‚

900 3077 982 3122 ex
1015 3067 1261 3122 nostro
1294 3052 1532 3149 potius
1565 3049 1846 3121 silentio
1883 3073 2102 3145 quam
2140 3048 2363 3120 verbo
2402 3049 2515 3120 vel
2555 3051 2824 3147 scripto
2863 3074 3045 3122 eam-

901 3168 1065 3239 dem
1103 3169 1417 3240 scandali
1452 3171 1825 3239 materiam
1860 3167 2093 3238 afferri
2128 3167 2496 3238 nonnullis
2546 3191 2758 3264 posse
2788 3224 2807 3258 ‚
2848 3165 3047 3264 quod

900 3285 1217 3381 ejusdcm
1269 3301 1522 3356 nostrae
1573 3284 2163 3382 peregrinationis
2204 3297 2274 3353 et
2321 3281 2413 3353 ab
2468 3282 2766 3353 ecclesia
2804 3299 3049 3354 nostra

900 3401 1268 3496 absentiae,
1327 3429 1476 3474 non
1540 3401 1760 3472 modo
1811 3398 2220 3498 probabiles
2274 3415 2486 3496 atque
2545 3399 3041 3490 rationabiles,

899 3521 1023 3590 sed
1051 3522 1264 3592 etiam
1295 3520 1721 3592 necessarias
1756 3519 2163 3614 ignorantes
2196 3541 2442 3588 causas
2464 3570 2480 3600 ,
2515 3516 2607 3588 ad
2637 3517 3047 3615 exemplum

901 3650 969 3707 et
1004 3637 1474 3707 imitationem
1511 3635 1775 3724 nostri,
1816 3634 1905 3704 ad
1946 3635 2145 3704 facile
2180 3632 2607 3704 deserendas
2646 3633 2850 3704 sedes
2885 3657 3046 3704 suas

902 3769 970 3824 et
1033 3751 1167 3823 sibi
1227 3752 1527 3822 creditas
1575 3749 2225 3821 administrationes
2280 3750 2514 3822 forsan
2574 3764 2869 3846 possent
2934 3751 3045 3820 in·

902 3869 1094 3962 duci,
1138 3884 1200 3938 et
1241 3895 1324 3938 ex
1349 3867 1490 3937 hoc
1524 3866 1616 3937 ad
1654 3865 2047 3935 fulciendas
2074 3866 2312 3934 minus
2335 3862 2538 3959 justae
2576 3879 2699 3935 aut
2732 3866 3047 3938 rationa-

849 4023 860 4035 ·
900 3985 1061 4056 bilis
1095 4011 1234 4056 suar.
1267 3984 1602 4055 absentiae
1635 4007 1882 4053 causas
1936 3983 2410 4079 patrocinium
2454 4004 2812 4053 assumere
2855 4011 2871 4052 :
2913 4009 3040 4071 ne,

903 4128 984 4173 ex
1020 4103 1162 4174 hoc
1208 4127 1352 4171 uno
1400 4103 1628 4199 capite
1687 4099 2083 4197 periculum
2126 4101 2347 4170 vitare
2398 4098 2762 4170 studentes
2802 4099 3047 4172 incau-

901 4222 1071 4313 tius,
1139 4223 1208 4292 in
1268 4219 1460 4292 aliud
1530 4217 1920 4290 identidem
1983 4233 2103 4292 aut
2174 4217 2485 4289 deterius
2552 4218 3038 4305 incurramuS‚
