3400 5417
949 462 1065 519 376
1807 462 2184 521 Ammon
2203 506 2224 533 ‚

941 613 1014 669 et
1062 598 1236 671 item
1298 622 1508 669 suum
1562 612 2088 670 antecessorem
2147 597 2238 669 de
2285 598 2724 694 Malatesus2,
2783 602 3074 695 Italum,

939 715 1261 813 aliosque
1292 715 1755 813 quamplures
1784 714 2112 813 praelatos
2145 714 2467 813 ejusdem
2499 717 2887 815 provinciae
2923 744 3082 793 suas

939 832 1270 905 ecclesias
1327 832 1689 928 reliquisse
1750 846 1825 903 et
1853 888 1872 924 ,
1929 833 2236 929 quaesitis
2283 832 2690 931 quibusque
2746 838 3082 907 occasio-

938 947 1193 1041 nibuS,
1245 946 1417 1020 alibi
1452 962 1651 1019 extra
1706 949 2158 1046 provinciam
2203 972 2365 1021 suas
2404 950 2824 1023 residentias
2852 953 2928 1023 in
2971 977 3080 1024 re-

935 1067 1152 1140 motis
1193 1067 1481 1162 elegisse
1526 1094 1543 1136 z
1603 1064 2224 1162 quemadmodum
2280 1081 2422 1138 tres
2474 1068 2672 1166 prius
2729 1070 3083 1142 nominati

937 1184 1279 1257 Basileam
1304 1238 1325 1274 ,
1385 1183 1561 1255 dum
1618 1181 1719 1254 ibi
1771 1182 2161 1254 concilium
2194 1184 2522 1280 generale
2583 1183 2930 1257 celebrari
2977 1186 3083 1256 in-

934 1300 1298 1390 choasset,
1352 1325 1427 1371 se
1462 1299 1925 1371 contulerunt
1943 1354 1963 1390 ,
2015 1325 2150 1371 nec
2187 1300 2282 1372 ad
2323 1324 2488 1375 suas
2529 1300 2864 1375 ecclesias
2899 1319 3088 1403 post-

935 1410 1237 1483 modum
1274 1413 1561 1504 reversi,
1600 1410 1778 1483 inibi
1813 1425 1939 1483 aut
1970 1410 2465 1508 adjacentibus
2500 1414 2706 1485 terris
2739 1413 2895 1487 dies
2917 1440 3084 1488 suos

935 1528 1302 1601 finierunt.

1028 1641 1224 1717 Adde
1287 1640 1487 1737 quod
1567 1642 1642 1711 in
1723 1642 1894 1739 ipsis
1953 1665 2132 1739 quas
2192 1642 2458 1742 patrias
2526 1641 3078 1714 consuetudines

930 1759 1051 1831 illa
1101 1758 1470 1858 popularis
1519 1757 1899 1829 advocatio
1943 1756 2186 1857 patriae
2245 1754 2593 1856 appellat,
2650 1757 3080 1857 quamplura

931 1890 1099 1947 sunt
1134 1875 1246 1947 vel
1294 1899 1424 1973 per
1474 1897 1792 1944 errorem
1829 1874 2275 1968 introducta,
2314 1873 2428 1945 vel
2476 1872 2651 1945 dolo
2700 1887 2773 1944 et
2817 1874 3082 1946 callidi-

932 2005 1072 2062 tate
1110 1990 1432 2088 ipsorum
1474 1987 1994 2060 advocatorum
2030 1989 2418 2061 adinventa
2468 2012 2596 2060 seu
2638 1987 2953 2060 conficta
2991 1988 3082 2059 ad

930 2118 1237 2202 quaestus
1282 2128 1450 2175 suos
1499 2102 1871 2175 uberiores
1917 2104 2304 2176 faciendos.
2354 2107 2530 2192 Quae
2561 2104 2817 2204 procul
2856 2102 3081 2175 dubio

930 2221 1179 2317 iniqua
1227 2234 1299 2291 et
1345 2219 1607 2315 injusta
1652 2234 1866 2316 atque
1905 2221 2036 2292 toti
2068 2222 2459 2319 provinciae
2484 2220 3082 2318 perniciosissima

930 2338 1316 2426 exsistunt3
1375 2335 1501 2407 sed
1550 2336 1898 2432 quoniam
1930 2337 2045 2407 vel
2073 2337 2168 2409 ad
2219 2336 2493 2410 facilius
2534 2335 2984 2408 inchoandas
3016 2351 3083 2407 et

932 2453 1463 2551 promovendas
1513 2452 1694 2544 lites,
1755 2453 1865 2523 vel
1921 2452 2011 2523 ad
2067 2454 2254 2550 ipsas
2298 2454 2522 2523 serius
2559 2451 2673 2523 vel
2709 2474 3080 2546 nunquam

933 2570 1409 2662 dirimendaS,
1458 2594 1583 2640 seu
1620 2568 1793 2641 alias
1824 2569 2108 2641 lucrosa
2143 2570 2310 2666 ipsis
2347 2567 2714 2640 advocatis
2741 2581 2814 2638 et
2839 2568 3079 2664 patriis

925 2686 1288 2782 judicibus
1333 2684 1757 2779 redduntur,
1814 2710 1900 2757 ea
1953 2686 2228 2757 cunctis
2269 2683 2530 2756 divinis
2579 2683 2696 2755 vel
2749 2683 3080 2755 humanis

935 2806 1269 2876 institutis
1304 2803 1631 2901 praeferre
1674 2803 2033 2900 bonisque
2082 2817 2153 2873 et
2195 2802 2518 2900 probatis
2551 2798 3080 2871 consuetudini-

933 2919 1071 2989 bus
1114 2920 1685 3016 quibuscumque
1739 2919 2107 2990 sollicitius
2149 2934 2362 3015 atque
2403 2917 2801 2991 animosius
2846 2916 3078 2988 obser-

935 3058 1102 3105 vare
1129 3049 1199 3105 et
1227 3034 1607 3107 defendere
1632 3035 1942 3106 student.

939 3258 1081 3316 dont
1107 3279 1167 3317 se
1208 3259 1390 3337 plaint
1417 3258 1667 3318 Thomas
1709 3259 1876 3317 Basin
1918 3280 1992 3317 ne
2033 3260 2156 3318 doit
2200 3280 2302 3339 pas
2350 3262 2472 3318 etre
2505 3259 2724 3338 impute
2763 3260 3077 3320 seulement

940 3359 971 3412 Ξι
1006 3357 1183 3416 Louis
1216 3362 1333 3429 XI,
1365 3378 1589 3415 comme
1619 3358 1653 3414 il
1689 3357 1764 3415 l'a
1795 3358 1894 3415 fait
1927 3359 2413 3435 pri-cedemment.

1024 3454 1080 3510 1.
1126 3450 1405 3509 Pandolfo
1433 3451 1764 3522 Malatesta‚
1805 3451 2220 3529 predi-cessem·
2261 3452 2333 3509 de
2376 3451 2654 3510 Philibert
2699 3450 2772 3510 de
2827 3450 3076 3531 Montjeu

941 3567 1041 3606 sur
1064 3546 1117 3604 le
1144 3547 1299 3626 siege
1330 3548 1400 3605 de
1429 3550 1781 3621 Coutance5‚
1816 3548 2294 3607 demissionnaire
2328 3568 2400 3606 en
2438 3551 2617 3607 1424.
