3400 5417
1072 506 1281 563 LIBER
1314 504 1621 562 SEXTUS.
2327 505 2398 561 39

280 633 569 722 Insulas,
624 638 954 709 Duacum
980 691 998 726 ,
1056 639 1518 707 Corteracum
1536 640 1555 671 ¹
1608 649 1679 706 et
1720 635 2050 732 quaedam
2097 634 2264 727 alia,
2314 635 2408 708 ad

277 773 357 821 ea
417 748 863 823 consolanda
896 766 969 823 et
1000 776 1125 850 spe
1176 752 1468 823 meliore
1503 748 1946 843 roboranda,
1985 750 2163 823 abiit
2194 766 2408 848 atque

278 865 623 936 visitavit:
668 865 939 942 eisdem
1003 852 1114 937 {rel
1175 888 1365 937 nova
1425 866 1751 962 praesidia
1802 866 2111 939 militum
2167 867 2411 962 provi-

276 980 470 1071 dens,
510 981 629 1053 vel
658 997 897 1055 vetera
928 981 1239 1079 adagens
1269 982 1760 1079 reducensque
1789 982 2178 1073 validiora3
2220 984 2412 1055 simi-

274 1098 422 1170 liter
472 1099 690 1171 etiam
726 1123 813 1171 ea
842 1114 914 1169 et
942 1122 1237 1171 annona
1265 1099 1661 1170 necessaria
1693 1113 1766 1169 et
1797 1099 2010 1171 armis
2059 1113 2412 1197 opportu-

277 1219 378 1289 nis
406 1239 492 1289 ac
553 1216 1110 1315 propugnaculis
1142 1215 1409 1287 faciens
1440 1216 1902 1289 communiri.

364 1333 649 1421 Quibus
694 1334 1025 1432 peractiS,
1058 1347 1130 1404 et
1162 1332 1578 1402 confortatis
1611 1330 1878 1428 ubique
1919 1356 2219 1405 suorum
2257 1335 2413 1405 ani-

274 1451 423 1539 miS‚
462 1456 732 1545 Brugas
768 1450 1027 1521 iterum
1060 1472 1133 1519 se
1161 1448 1462 1545 recepit,
1516 1446 1641 1518 ubi
1680 1461 1754 1518 et
1803 1447 2120 1519 solemne
2158 1445 2413 1520 festum

276 1564 561 1636 velleris
594 1566 850 1657 Aurei,
892 1565 1112 1637 instar
1167 1564 1396 1635 soceri
1452 1565 1595 1653 sui,
1648 1561 2092 1652 celebravit',
2124 1562 2415 1639 delectis

273 1680 554 1777 collegis
602 1680 699 1753 ad
736 1704 1049 1778 paucum
1083 1704 1466 1751 numerum
1515 1704 1596 1750 ex
1628 1678 2047 1776 proceribus
2103 1694 2173 1750 et
2209 1679 2413 1751 nobi-

272 1800 452 1869 litate
499 1814 853 1871 terrarum
911 1821 1239 1886 suarum,
1282 1821 1465 1892 quos
1517 1810 1662 1866 tam
1717 1796 1993 1891 generis
2039 1794 2406 1887 nobilium,

278 1938 511 2011 quam,
564 1939 698 2012 pro
726 1913 941 1985 rebus
984 1913 1259 1983 fortiter
1294 1926 1365 1982 et
1408 1927 1691 1984 strenue
1730 1912 1961 2005 gestis,
2002 1912 2190 1983 fama
2228 1913 2411 1983 cele-

280 2026 457 2100 brior
506 2028 904 2108 attollebat.
949 2028 1150 2099 Tales
1199 2028 1393 2099 enim
1419 2084 1437 2120 ,
1499 2030 1619 2123 qui
1681 2042 1971 2096 caeteros
2007 2028 2264 2097 virtute
2296 2028 2406 2098 x-el

277 2146 536 2235 generis
579 2146 894 2217 claritate
932 2144 1329 2243 praecellere
1381 2146 1898 2232 existimantur,
1949 2158 2019 2212 et
2060 2168 2206 2213 non
2257 2143 2402 2234 alii,

274 2260 360 2331 ad
381 2264 680 2359 hujusce
728 2264 1002 2359 insigne
1054 2263 1406 2334 societatis
1435 2261 1814 2355 collegium
1861 2260 2154 2331 adscisci
2179 2276 2251 2332 et
2283 2262 2407 2334 ad-

278 2383 625 2453 numerari
667 2395 1216 2451 consueverunt.

360 2500 479 2569 His
542 2512 788 2569 autem
851 2497 1153 2593 peractis
1182 2548 1201 2583 ,
1268 2520 1434 2566 cum
1496 2494 1755 2565 hiemis
1821 2496 2272 2593 intemperies
2335 2513 2408 2567 et

279 2624 615 2684 terrarum
684 2612 961 2682 illarum
1028 2611 1235 2682 solita
1292 2634 1638 2706 aquarum
1706 2611 1979 2680 illuvies
2038 2612 2404 2707 utriusque

276 2728 478 2819 partis
536 2728 787 2822 copias
849 2749 996 2795 non
1057 2739 1416 2820 pateretur
1472 2726 1543 2793 in
1583 2726 1827 2796 castris
1861 2726 2246 2810 contineri,
2285 2752 2406 2797 rex

277 2838 340 2907 in
372 2842 783 2930 Franciam‚
832 2838 924 2910 ad
960 2839 1147 2936 ripas
1184 2840 1471 2933 Ligeris,
1515 2864 1665 2909 sese
1709 2842 2006 2938 recepit,
2051 2842 2406 2938 dispositis

273 2978 393 3049 per
424 2958 659 3031 varias
674 2955 1012 3026 stationes
1045 2954 1188 3024 suis
1221 2954 1563 3024 militibus
1593 2955 1665 3023 in
1690 2955 2036 3025 hibernis,
2071 2956 2404 3053 Equibus

275 3070 568 3143 Atrebati
626 3086 699 3141 et
760 3070 1101 3159 Tornaci,
1171 3085 1241 3139 et
1300 3071 1369 3140 in
1432 3071 1636 3141 terris
1705 3071 2083 3143 limitaneis
2143 3098 2403 3169 magna

270 3188 589 3281 praesidia
631 3185 1053 3282 dereliquit3
1084 3209 1328 3256 curam
1377 3185 1657 3257 habens
1714 3203 1928 3285 atque
1985 3188 2401 3260 sollicitudi-

272 3326 425 3373 nem
473 3330 629 3374 non
691 3327 986 3400 parvam
1051 3301 1279 3371 facere
1329 3302 1419 3372 de
1476 3306 1772 3375 Francia
1830 3320 1899 3374 et
1966 3309 2401 3385 Normannia

269 3418 556 3517 aliisque
609 3417 928 3489 finitimis
985 3419 1371 3515 provinciis
1428 3418 1685 3488 advehi
1735 3444 2102 3491 annonam
2152 3447 2395 3492 neces-

271 3539 553 3629 sariam,
593 3552 742 3606 tam
787 3558 920 3633 pro
960 3534 1213 3604 solatio
1248 3534 1846 3626 Tornacensium,
1889 3537 2011 3632 qui
2048 3538 2400 3633 quodam-

272 3656 482 3727 modo
544 3656 743 3726 velut
805 3653 1072 3723 obsessi
1131 3654 1333 3722 terris
1401 3668 1613 3749 atque
1680 3654 1963 3752 oppidis
2026 3657 2402 3729 hostilibus

268 3772 762 3865 cingebantur,
794 3794 1011 3868 quam
1047 3770 1261 3839 etiam
1304 3771 1742 3867 oppidorum
1778 3772 2094 3856 Artesiae,
2151 3774 2222 3844 in
2260 3798 2400 3868 qua

269 3912 516 3982 magna
593 3913 678 3959 ex
750 3901 944 3985 parte
1022 3900 1314 3985 propter
1394 3911 1808 3982 guerrarum
1885 3889 2398 3962 immanitatem

341 4078 396 4132 1.
445 4077 626 4146 Line,
658 4076 841 4133 Douai
863 4120 879 4143 ‚
910 4072 1190 4133 Conrtrai.

342 4174 393 4226 2.
442 4171 725 4227 L'auteur
754 4191 811 4227 se
841 4183 1062 4245 trompc
1092 4188 1190 4224 sur
1219 4168 1487 4243 l'epoque
1507 4169 1577 4225 dc
1601 4182 1747 4225 cette
1776 4171 2132 4228 ceri-monio:
2168 4171 2275 4227 elle
2303 4184 2398 4226 eut

266 4262 371 4317 lieu
397 4266 453 4322 le
483 4267 562 4320 30
594 4263 743 4319 avril
776 4266 948 4319 1478.
