3400 5417
1099 510 1317 565 LIBER
1376 510 1675 570 PRIMUS.
2325 517 2438 572 343

930 784 1368 854 CAPITULU
1382 786 1448 853 M
1517 787 1797 855 xxvll.

304 990 467 1043 Plura
500 990 797 1043 testimonia
822 990 1127 1043 divinarum
1151 990 1531 1061 scripturarum
1560 1004 1611 1044 et
1638 992 2030 1047 catholicorum
2059 993 2344 1048 doctorum
2373 995 2444 1049 nd

380 1075 843 1128 confirmationem
866 1092 1074 1139 eorum,
1100 1093 1220 1143 quae
1247 1074 1387 1127 dicta
1407 1088 1549 1142 sunt,
1572 1077 1722 1146 quod
1747 1077 1946 1131 licitum
1968 1078 2036 1130 sit
2058 1096 2112 1131 se
2136 1080 2444 1135 subtrahere

381 1160 587 1213 saevitiae
611 1160 1037 1232 persequentium
1054 1201 1071 1228 ,
1097 1159 1255 1220 etiam
1278 1160 1615 1215 ecclesiarum
1637 1164 1950 1216 rectoribus.

408 1340 844 1434 Quanquam
889 1360 1062 1407 vero
1108 1350 1178 1407 et
1209 1337 1589 1409 Salvatoris
1615 1353 1971 1437 praecepto
2017 1354 2089 1411 et
2123 1340 2442 1436 ejusdem

304 1454 768 1552 pluriumque
814 1466 1225 1524 sanctorum
1272 1451 1699 1550 pontificum
1766 1456 2104 1554 exemplis
2162 1471 2442 1529 sancto-

306 1595 613 1667 rumque
652 1569 858 1641 dictis
890 1570 1056 1640 satis
1090 1584 1451 1641 ostensum
1480 1572 1567 1641 sit
1591 1570 1865 1642 licitum
1898 1554 1968 1643 et
1994 1573 2441 1670 irreprehen-

306 1684 508 1756 sibile
534 1686 684 1755 fore
712 1700 1248 1782 persecutorum
1280 1686 1615 1756 saevitiam
1640 1687 1976 1782 fugiendo
2010 1688 2442 1785 latendoque

307 1800 668 1872 declinare
690 1856 711 1891 ,
765 1814 835 1871 et
867 1801 1239 1871 eeclesiam
1289 1824 1413 1871 seu
1450 1800 1736 1898 plebem
1773 1826 1976 1874 suam
2022 1805 2288 1902 pastori
2323 1806 2444 1876 de-

306 1941 573 2007 serere,
612 1917 739 1987 ubi
788 1916 940 1987 sola
979 1916 1129 2011 ejus
1177 1939 1482 2014 persona
1514 1919 2009 2013 persequenda
2059 1922 2435 2017 expetitur,

308 2054 459 2099 non
507 2030 684 2100 fides
729 2027 1209 2100 subvertenda
1260 2030 1335 2098 in
1380 2027 1752 2125 plebibus,
1809 2045 1879 2100 et
1923 2030 2050 2100 ubi
2101 2056 2238 2131 per·
2265 2033 2442 2104 alios

305 2145 608 2217 idoneos
644 2147 1007 2216 ministros
1039 2146 1311 2243 possint
1361 2144 1677 2215 absentis
1711 2146 2014 2243 pastoris
2050 2147 2241 2217 vices
2273 2171 2440 2245 sup-

303 2262 516 2358 pleri;
540 2264 847 2358 satisque
872 2262 1145 2331 cunctis
1177 2262 1648 2359 conspicuum
1671 2263 2182 2358 notoriumque
2198 2262 2432 2355 suerit,

303 2382 427 2475 qui
463 2382 689 2452 nostri
727 2381 1053 2451 notitiam
1082 2378 1463 2474 aliqualem
1490 2378 1757 2450 habere
1790 2395 2182 2476 potuerunt
2204 2437 2222 2473 ,
2273 2406 2432 2475 nos,

304 2498 402 2566 uti
472 2522 654 2593 saepe
709 2496 1050 2583 diximus,
1106 2496 1452 2565 violenter
1506 2511 1576 2565 et
1614 2496 1686 2564 vi
1737 2496 2061 2592 praecisa,
2133 2498 2247 2569 cui
2298 2497 2435 2568 hu-

304 2614 537 2684 manis
584 2612 853 2683 viribus
890 2612 1113 2681 resisti
1147 2636 1189 2682 a
1223 2609 1434 2682 nobis
1476 2635 1623 2681 non
1661 2626 1975 2708 poterat,
2016 2637 2164 2683 non
2212 2613 2435 2684 modo

300 2728 597 2798 ecclesia
630 2742 872 2797 nostra
904 2742 1025 2797 aut
1053 2726 1459 2823 provincia,
1494 2726 1620 2795 sed
1656 2740 1808 2797 toto
1846 2751 2068 2821 regno
2103 2727 2438 2823 depulsos

300 2860 517 2941 atque
560 2845 631 2915 in
683 2845 1005 2915 exsilium
1057 2857 1290 2929 actOS,
1351 2867 1485 2913 nec
1530 2844 1842 2939 potuisse
1894 2843 2055 2914 ullis
2103 2841 2437 2940 precibus

301 2976 426 3031 aut
469 2958 1111 3031 interventionibus
1142 2959 1501 3053 majorum
1526 2960 1934 3058 principum
1964 2961 2165 3055 regni
2211 2962 2435 3059 impe-

299 3090 489 3147 trare
543 3076 739 3172 quod
796 3078 868 3145 in
913 3076 1209 3146 eeclesia
1254 3088 1496 3145 nostra
1552 3098 1675 3144 seu
1720 3077 2090 3171 provincia
2130 3078 2437 3148 residere

299 3208 516 3286 atque
554 3194 626 3261 in
665 3216 748 3263 ea
780 3192 1131 3262 deservire
1177 3192 1416 3261 liceret
1459 3190 1685 3285 (qnod
1728 3192 1974 3287 utique
2014 3194 2178 3263 satis
2209 3193 2433 3265 abun-
2524 3260 2530 3266 .

300 3309 536 3403 deque
565 3310 637 3379 in
684 3310 905 3378 nostri
936 3309 1458 3378 exeusationem
1496 3321 1708 3401 atque
1741 3309 2146 3403 apologiam
2180 3312 2436 3380 merito

298 3421 613 3492 debebat
660 3423 1012 3515 sufficere)
1051 3451 1066 3490 :
1109 3436 1386 3512 tamen,
1434 3422 1603 3517 quia
1644 3422 2023 3517 plerosque
2069 3422 2243 3494 tales
2287 3449 2435 3495 esse

302 3541 669 3628 novimuS,
717 3539 1013 3635 quibuS,
1064 3564 1189 3607 seu
1236 3535 1628 3631 derogandi
1667 3536 2002 3609 aviditate
2036 3563 2161 3608 seu
2202 3541 2433 3636 pervi-

298 3657 499 3726 cacia
570 3657 792 3726 nimia
854 3655 1200 3744 detentiS,
1272 3654 1388 3723 vix
1458 3654 1695 3749 aliqua
1760 3655 2186 3743 auctoritaS,
2254 3658 2435 3727 ratio

299 3797 427 3841 seu
469 3772 797 3868 exempla
854 3786 1104 3841 contra
1151 3770 1352 3839 illum
1405 3794 1619 3862 quem
1674 3771 1889 3841 semel
1941 3795 2259 3841 errorem
2307 3773 2435 3842 im-

295 3888 650 3979 biberint,
689 3890 972 3959 valeant
1011 3887 1333 3958 sufficere
1360 3942 1377 3975 ,
1431 3886 1746 3983 plurium
1782 3887 2148 3958 sententiis
2181 3901 2251 3958 et
2279 3913 2438 3958 anc-

296 4004 705 4073 toritatibns
767 4018 1174 4073 sanctorum
1242 4000 1663 4088 doctorum,
1733 4026 1818 4073 ea
1869 4027 2024 4097 quae
2088 4001 2432 4094 diximus„

298 4124 665 4195 adstruere
718 4123 1173 4210 conabimur,
1221 4122 1674 4195 ostendentes
1720 4148 1960 4193 servos
2014 4125 2143 4194 Dei
2181 4138 2251 4193 et
2297 4126 2439 4220 ple-

295 4240 498 4311 bium
554 4258 871 4338 pastores
900 4296 917 4327 ,
972 4264 1121 4310 non
1170 4240 1405 4310 solum
1451 4239 1790 4310 violentia
1829 4240 2117 4337 praeeisa
2153 4240 2432 4335 puISOS,
