3400 5417
1010 510 1125 568 aas
1867 506 2272 579 Ammon,

1004 667 1134 717 seu
1191 662 1480 715 causam
1526 638 1876 712 habentes
1892 691 1912 729 ,
1979 636 2414 735 liberiusque
2465 636 2590 711 tali
2639 662 2860 711 onere
2918 636 3134 712 ahso-

1002 757 1168 831 lutis
1181 810 1202 846 ,
1238 754 1543 855 quietius
1579 768 1794 853 atque
1834 755 2285 853 tranquillius
2319 754 2651 847 lectioni,
2691 754 3006 827 orationi
3051 777 3137 825 ac

999 874 1417 947 suavissimo
1513 874 1663 945 otio
1747 872 2374 971 contemplationis
2391 928 2414 967 ,
2507 870 3136 973 spiritualibusque

995 989 1345 1063 exercitiis
1398 988 1607 1063 liceat
1648 988 2067 1063 incumbere
2109 1003 2182 1062 et
2228 1012 2505 1063 vacare.
2595 1002 2598 1013 ·

1709 1280 2220 1351 CAPITULUM
2279 1282 2398 1349 XI.

1660 1483 1864 1550 Quinta
1886 1482 2022 1537 ratio
2047 1481 2448 1538 consolationis.

1089 1669 1174 1738 Et
1214 1666 1367 1739 haec
1416 1666 1712 1764 quidem
1753 1679 2004 1763 quarta
2067 1667 2248 1739 ratio
2292 1690 2418 1738 seu
2469 1666 2953 1741 consideratio
2973 1723 2994 1757 ,
3043 1696 3126 1742 ex

986 1806 1130 1879 qua
1177 1784 1250 1853 in
1297 1781 1914 1883 persecutionibus
1966 1782 2226 1854 nostris
2274 1783 2787 1856 consolationis
2819 1784 3126 1882 plurima

984 1900 1447 1973 delinimenta
1504 1915 1720 1997 atque
1774 1898 2094 1971 fomenta
2147 1897 2578 1993 invenimus,
2633 1900 2786 1971 aliae
2837 1925 3126 1998 quoque

982 2016 1197 2087 etiam
1246 2041 1424 2113 quas
1475 2016 2029 2114 praenotavimus
2052 2071 2071 2107 ,
2114 2039 2200 2085 ex
2253 2015 2506 2111 quinta
2552 2015 3124 2091 consideratione

983 2134 1291 2205 maxime
1344 2133 1719 2205 firmantur
1750 2148 1822 2205 et
1868 2133 2342 2223 roborantur;
2395 2132 2543 2203 imo
2576 2156 2662 2203 ex
2696 2134 2849 2231 ipsa
2881 2134 3124 2233 plena-

982 2248 1170 2318 rium
1211 2249 1749 2347 perfectumque
1782 2248 2225 2337 antidotum,
2263 2262 2334 2318 et
2368 2261 2620 2319 contra
2664 2273 2962 2321 omnem
3007 2249 3127 2323 ad·

981 2364 1328 2435 versitatis
1354 2362 1813 2436 acerbitatem
1846 2388 1972 2435 seu
2008 2361 2488 2434 tribulationis
2519 2362 2629 2434 vel
2667 2361 2968 2435 fortunae
3001 2366 3122 2436 im-

983 2496 1231 2578 petum
1258 2480 1827 2552 efficacissimum
1858 2494 2072 2575 atque
2097 2478 2696 2577 jucundissimum
2728 2456 3121 2553 remedium

982 2622 1512 2695 comparamus.
1543 2602 1703 2695 Ipsa
1727 2598 1993 2694 quippe
2022 2610 2126 2666 est
2153 2594 2549 2666 consolatio
2581 2595 3115 2693 scripturarum.

981 2718 1089 2786 De
1118 2716 1255 2787 hac
1305 2715 1553 2787 beatus
1586 2716 1847 2786 Paulus
1887 2712 1977 2785 ad
2018 2712 2379 2784 Romanos
2421 2710 2738 2783 scribens
2779 2739 2796 2783 z
2847 2744 2878 2781 α
2921 2718 3122 2801 Quae-

983 2857 1291 2927 cumque
1354 2833 1547 2902 enim
1614 2834 1876 2929 scripta
1945 2845 2112 2901 sunt
2177 2860 2211 2895 ι)
2269 2830 2501 2925 inquit
2561 2858 2596 2897 «
2657 2829 2752 2902 ad
2805 2846 3120 2905 nostram

981 2945 1385 3016 doctrinam
1418 2947 1680 3042 scripta
1714 2961 1913 3039 sunt,
1957 2959 2037 3015 ut
2070 2969 2199 3042 per
2232 2944 2646 3041 patientiam
2681 2956 2753 3015 et
2797 2950 3122 3021 consola·

982 3064 1254 3133 tionem
1286 3064 1800 3160 scripturarum
1838 3087 2038 3157 spem
2083 3060 2519 3150 habeamus3
2572 3090 2607 3127 »
2656 3076 2728 3133 et
2768 3065 3116 3162 propheta

982 3180 1216 3274 regius
1244 3180 1317 3249 in
1338 3179 1614 3276 psalmo
1647 3206 1661 3247 :
1702 3210 1734 3243 «
1772 3178 2035 3248 Parasti
2073 3177 2149 3246 in
2178 3190 2566 3274 conspectu
2605 3201 2767 3248 meo
2800 3204 3116 3253 mensam

984 3294 1245 3363 scilicet
1311 3293 1824 3389 scripturarum
1884 3288 2224 3360 adversus
2288 3314 2538 3360 omnes
2601 3292 2725 3387 qui
2779 3292 3118 3365 tribulant

985 3433 1123 3479 me.
1164 3439 1199 3475 »
1250 3412 1330 3478 In
1378 3407 1514 3478 hac
1566 3430 1812 3476 mensa
1859 3404 2138 3496 divina,
2180 3406 2256 3474 in
2299 3404 2441 3475 hoc
2476 3406 2740 3478 coelesti
2785 3411 3115 3481 convivio

982 3540 1192 3595 tantae
1235 3522 1618 3614 suavitatiS,
1659 3535 1869 3591 tanta:
1904 3519 2365 3591 dulcitudinis
2405 3538 2511 3592 est
2551 3522 2872 3595 invenire
2908 3526 3116 3598 refec-

980 3643 1287 3732 tionem,
1330 3654 1405 3709 ut
1446 3638 1766 3736 profecto
1804 3636 1982 3705 nihil
2040 3636 2223 3707 adeo
2271 3636 2504 3729 dulce,
2555 3637 2741 3710 adeo
2785 3665 3003 3713 suave
3049 3658 3115 3713 et

975 3756 1376 3853 jucundum
1408 3755 1479 3823 in
1518 3753 1676 3823 ullis
1720 3749 2123 3822 carnalibus
2155 3752 2384 3849 epulis
2416 3755 2715 3851 experiri
2755 3756 2916 3850 quis
2949 3782 3114 3853 pos·

982 3874 1105 3959 sit,
1151 3899 1185 3937 «
1226 3869 1394 3963 quia
1432 3867 1696 3955 dulcia,
1747 3894 1781 3931 »
1816 3865 2049 3960 inquit
2095 3889 2293 3936 sacer
2323 3867 2675 3963 psalmus,
2721 3900 2755 3935 (ι
2799 3869 3118 3943 faucibus

984 3987 1157 4057 meis
1189 3984 1472 4080 eloquia
1506 3998 1627 4053 tua
1662 4005 1873 4078 super
1902 3981 2042 4051 mel
2072 3983 2179 4051 ori
2215 4007 2402 4052 me0.
2447 4014 2482 4048 2>

1082 4106 1242 4170 Haec
1293 4098 1634 4191 dulcedO,
1697 4097 1846 4167 haec
1899 4097 2204 4169 suavitas
2265 4113 2410 4169 tam
2469 4122 2729 4194 magna
2778 4116 2918 4193 est,
2976 4117 3114 4174 tam

982 4234 1267 4317 potens,
1337 4215 1720 4313 prasertim
1783 4238 1948 4282 cum
1997 4226 2269 4284 aeternae
2319 4213 2778 4287 beatitudinis
2827 4220 3111 4316 praemia
