3400 5417
932 520 1051 578 118
1478 520 1997 580 fflsronmmm
2037 520 2393 583 mnovlct
2430 525 2518 581 XI

1028 651 1329 723 Paulum
1380 674 1553 722 vero
1613 665 1781 723 ante
1801 704 1821 740 ,
1884 672 2052 723 cum
2104 654 2452 725 exercitus
2506 653 3058 729 Brabantionum

931 764 1307 865 quoddam
1368 766 1741 839 castellum
1775 770 1796 805 ¹
1857 791 2084 867 prope
2149 769 2510 843 civitatem
2575 768 3016 871 obsedissent
3033 830 3053 863 ,

930 883 1163 955 dictus
1215 883 1597 979 sacrilegus
1638 896 1988 979 tyrannus
2002 938 2022 975 ,
2061 884 2359 959 collecta
2397 911 2622 961 manu
2652 889 2890 963 valida
2917 902 3058 963 tam

930 998 1387 1071 rutherorum
1404 1053 1423 1089 ‚
1494 1023 1715 1096 quam
1775 1001 2234 1098 popularium
2294 1003 2537 1101 patriae
2557 1057 2577 1093 ,
2635 1004 2825 1077 inter
2885 1028 3060 1103 quos

928 1138 1117 1188 unus
1158 1138 1460 1211 magnus
1502 1129 1656 1187 erat
1698 1115 2032 1188 rutherus
2052 1171 2071 1207 ‚
2125 1135 2612 1214 cognomento
2659 1120 2754 1193 de
2805 1124 3061 1195 Wack-

930 1230 1307 1324 tendonck,
1350 1256 1517 1304 cum
1551 1234 1899 1305 sexcentis
1942 1249 2012 1305 et
2045 1236 2350 1333 amplius
2383 1236 2742 1333 equitibus
2780 1252 2855 1310 et
2883 1264 3060 1312 non-

928 1350 1141 1421 nullis
1199 1350 1463 1449 copiis‚
1520 1372 1699 1447 quas
1763 1350 1980 1422 etiam
2036 1349 2182 1422 dux
2238 1352 2583 1424 Clivensis
2639 1353 2930 1427 miserat
2988 1357 3058 1428 in

926 1464 1271 1536 auxilium
1310 1462 1631 1567 tyranni,
1664 1490 1834 1536 cum
1862 1490 2009 1561 quo
2043 1490 2118 1536 se
2143 1466 2324 1537 inito
2353 1465 2617 1537 foedere
2647 1469 3016 1566 copularat
3037 1526 3056 1560 ‚

927 1580 1153 1649 movit
1203 1578 1295 1649 de
1345 1576 1625 1649 civitate
1675 1592 1749 1649 et
1798 1578 2314 1651 Brabantiones
2350 1579 2544 1651 bello
2589 1580 2886 1653 adortus
2931 1601 3056 1657 est.

926 1695 1108 1786 Qui,
1157 1693 1446 1766 aciebus
1491 1695 1635 1765 suis
1675 1693 1924 1766 debito
1977 1695 2229 1766 ordine
2277 1695 2635 1794 dispositis
2657 1755 2676 1791 ,
2724 1724 2892 1771 eum
2943 1726 3066 1773 au-

926 1810 1171 1884 dacter
1204 1826 1276 1882 et
1324 1811 1646 1882 animose
1692 1828 2163 1910 exceperunt,
2203 1827 2676 1911 consertoque
2705 1840 2874 1886 cum
2905 1817 3066 1888 hos-

928 1926 1119 1999 tibus
1158 1925 1440 2025 proeli0‚
1480 1926 1604 2023 qui
1648 1950 1916 2022 magno
1951 1953 2256 1999 numero
2289 1944 2524 2019 erant,
2579 1930 2937 2025 insignem
2977 1932 3065 2003 de

923 2042 1097 2140 ipsis
1144 2041 1519 2114 victoriam
1556 2056 1627 2112 et
1685 2058 1952 2141 tropaea
2014 2068 2164 2113 non
2218 2045 2472 2140 exigua
2534 2061 2996 2143 reportarunt
3018 2052 3059 2117 ².

926 2162 1118 2229 Caesa
1149 2173 1315 2229 sunt
1346 2158 1422 2228 in
1455 2183 1543 2229 eo
1574 2159 1857 2256 proeli0,
1893 2174 1974 2230 ut
2006 2184 2049 2231 a
2083 2160 2406 2257 pluribus
2441 2160 2822 2251 ferebatur,
2857 2189 3067 2262 supra

928 2288 1237 2370 quatuor
1269 2274 1492 2345 millia
1528 2274 1853 2346 virorum
1879 2328 1897 2363 ,
1936 2291 2007 2346 et
2053 2276 2312 2373 captivi
2352 2275 2548 2347 ducti
2583 2279 2866 2349 circiter
2919 2280 3065 2351 duo

928 2389 1176 2461 millia.
1204 2394 1396 2461 Inter
1422 2404 1716 2462 caeteros
1739 2391 1858 2462 ille
1884 2390 2114 2462 dictus
2142 2392 2234 2463 de
2264 2398 2370 2463 W
2365 2392 2875 2484 achtendonclc‚
2900 2420 3064 2467 cum

929 2507 1073 2579 suis
1128 2522 1201 2577 et
1256 2506 1690 2578 Clivensium
1739 2508 1999 2606 copiiS‚
2054 2524 2464 2606 peremptus
2520 2525 2650 2582 est.
2710 2512 3065 2583 Minorem

928 2637 1169 2695 tamen
1209 2623 1424 2717 longe
1462 2622 1674 2694 fuisse
1715 2648 2060 2695 caesorum
2093 2639 2162 2694 et
2201 2626 2646 2723 captivorum
2683 2651 3066 2699 numerum

926 2739 1045 2810 alii
1076 2736 1558 2810 affirmabant.

1028 2854 1449 2948 Sacrilegus,
1482 2853 1650 2949 fuga
1676 2854 1981 2952 elapmm,
2011 2856 2084 2926 in
2123 2856 2482 2928 civitatem
2507 2882 2582 2928 se
2613 2858 2905 2957 recepit,
2945 2859 3064 2931 ubi

929 2969 1230 3041 alterum
1271 2969 1363 3040 de
1405 2967 2003 3064 burgimagistriS,
2043 2987 2388 3068 tanquam
2425 2972 2870 3070 proditorem
2899 3028 2919 3063 ,
2959 2976 3066 3047 vel

928 3084 1146 3175 duoS‚
1183 3100 1264 3155 ut
1305 3085 1636 3156 nonnulli
1671 3085 1996 3175 aiebant,
2036 3111 2122 3157 eo
2161 3086 2359 3181 quod
2401 3112 2522 3175 ea,
2563 3113 2720 3184 quae
2753 3089 2857 3159 eis
2903 3106 3065 3161 ante

928 3200 1436 3290 mandaverat,
1475 3201 1771 3298 implere
1808 3226 1956 3272 non
1998 3218 2362 3273 curassent
2390 3256 2407 3290 ,
2447 3203 2819 3274 interfecit.
2859 3209 2953 3275 Et
2980 3204 3065 3275 de

926 3320 1065 3389 loci
1118 3320 1493 3390 securitate
1555 3344 1705 3389 non
1759 3320 1922 3390 satis
1955 3318 2301 3409 confisus,
2348 3323 2678 3414 Hoyum⁸
2717 3322 3066 3419 oppidum

928 3435 1163 3533 petiit,
1210 3436 1282 3506 in
1320 3460 1465 3531 quo
1503 3459 1766 3530 magna
1809 3435 2263 3530 fugitivorum
2312 3462 2351 3507 e
2394 3436 2648 3534 proelio
2690 3438 3068 3512 collocavit

925 3551 1273 3648 praesidia.

1025 3667 1239 3756 Quod
1299 3669 1390 3755 si,
1454 3670 1556 3738 uti
1603 3668 1984 3759 serebatur,
2040 3667 2552 3740 Brabantiones
2602 3670 2795 3741 illico
2822 3724 2840 3759 ‚
2881 3688 3067 3768 post-

1003 3894 1060 3952 1.
1108 3891 1346 3950 Molinet
1376 3892 1643 3970 l'appelle
1672 3890 2010 3970 Boulongne
2045 3917 2068 3943 α
2097 3912 2214 3969 ung
2243 3893 2455 3950 chastel
2485 3893 2624 3950 assis
2653 3895 2684 3949 ὲ
2719 3892 2858 3950 trois
2891 3894 3066 3952 lienes

922 3990 1055 4067 pres
1086 3988 1158 4045 de
1189 3990 1243 4046 la
1267 3987 1377 4045 cite
1408 3988 1477 4044 de
1503 3987 1710 4066 Liege,
1751 4007 1850 4043 sur
1901 4007 2014 4045 une
2053 3988 2260 4045 rivicre
2299 3989 2566 4045 nominee
2596 3993 2765 4048 Sarre
2795 4014 2822 4041 ι
2849 4033 2865 4061 ,
2901 4004 2943 4049 t.
2976 3993 3064 4061 11,

921 4081 1089 4158 chap.
1124 4102 1289 4138 xcm.
1394 4148 1400 4155 .

1002 4178 1062 4235 2.
1108 4178 1188 4233 Le
1218 4177 1293 4232 10
1316 4173 1541 4244 janvier
1577 4175 1750 4229 1483.

1009 4273 1064 4328 3.
1114 4272 1270 4342 Huy.
