3400 5417
1021 555 1138 610 276
1883 551 2294 624 ΑΡοωῦιΑ,

1019 713 1149 788 per
1185 700 1416 758 totum
1453 685 1833 784 publicatis
1865 709 2167 782 regnum
2180 735 2201 771 ‚
2238 709 2374 783 pro
2412 683 2648 780 quiete
2678 699 2751 755 et
2782 685 3163 756 securitate

1016 804 1347 877 omnium
1382 802 1506 899 qui
1551 801 1667 872 vel
1702 802 2018 898 germani
2064 802 2174 873 sui
2191 857 2209 894 ,
2246 800 2359 871 vel
2406 800 2716 872 aliorum
2754 798 2897 870 sibi
2936 799 3164 872 foede·

1014 936 1336 993 ratorum
1368 919 1779 1018 principum
1810 915 2133 1015 partibus
2160 915 2621 988 adhaesissent
2641 972 2662 1008 ,
2700 918 3163 1014 proposuiffie

1013 1035 1418 1131 generalem
1469 1033 1735 1130 (quam
1792 1033 1969 1104 olim
2025 1030 2485 1103 Athenienses
2550 1031 2881 1103 fecerunt
2950 1047 3163 1129 atque

1005 1152 1344 1223 dixerunt
1366 1150 1790 1221 amnestiam
1811 1203 1833 1236 ‚
1868 1173 2005 1220 nos
2040 1173 2212 1220 vero
2250 1149 2656 1245 generalem
2680 1146 3161 1222 abolitionem

1010 1291 1133 1337 seu
1180 1264 1696 1361 indulgentiam
1734 1265 2093 1364 appellare
2139 1263 2505 1359 sclemus)‚
2550 1287 2683 1361 per
2716 1287 2951 1360 quam
2986 1263 3158 1336 fide-

1007 1381 1349 1452 lissimam
1373 1395 1585 1476 atque
1613 1376 1991 1450 firmissam
2017 1379 2466 1451 securitatem
2490 1378 2992 1476 universisqui
3012 1405 3157 1478 per·

1007 1512 1174 1569 ante
1213 1500 1287 1568 in
1329 1498 1570 1594 aliqua
1613 1497 2055 1568 haesitatione
2109 1496 2440 1589 fuissent,
2490 1497 2807 1594 praestari
2850 1513 2929 1568 et
2975 1523 3153 1570 con-

1006 1612 1162 1684 cedi
1200 1611 1691 1683 indubitanter
1727 1609 2159 1684 asserebant.
2210 1617 2293 1683 Et
2317 1611 2821 1709 hujuscemodi
2858 1613 3151 1710 quidem

1001 1726 1571 1823 suggestionibus
1597 1729 1852 1825 saepius
1874 1729 2148 1800 onerati
2169 1743 2241 1800 et
2264 1729 2591 1800 intentati
2612 1753 2657 1801 a
2688 1729 2971 1822 multis,
3006 1745 3151 1802 tum

1001 1846 1519 1917 necessitudine
1558 1845 1951 1940 sanguiniS‚
1988 1859 2147 1916 tum
2179 1846 2490 1917 amicitia
2520 1844 2731 1918 nobis
2762 1848 3143 1945 copulatis,

1001 1988 1150 2034 non
1185 1964 1388 2034 facile
1424 1962 1689 2034 adduci
1738 1977 2151 2058 poteramus
2190 1977 2272 2033 ut
2308 1960 2527 2034 fidem
2572 1963 2781 2034 dictis
2816 1981 2949 2035 aut
2994 1991 3147 2064 pro-

999 2079 1228 2150 missis
1277 2077 1992 2151 accommodaremus
2052 2077 2239 2149 illius
2302 2103 2520 2176 quem
2574 2079 3147 2154 manifestissime

998 2194 1566 2290 agnoscebamus
1605 2210 1860 2266 contra
1897 2195 2136 2266 datam
2169 2218 2212 2265 a
2238 2220 2311 2266 se
2346 2194 2565 2266 fidem
2598 2210 2668 2267 et
2698 2215 3146 2271 sacramenta

994 2311 1204 2406 plura
1231 2312 1448 2383 etiam
1483 2326 1807 2382 recenter
1840 2311 2083 2382 fecisse
2105 2367 2125 2403 ,
2164 2335 2298 2382 nec
2334 2326 2569 2382 tutum
2598 2311 2721 2383 illo
2748 2328 2977 2410 pacto
3002 2315 3143 2386 fore

993 2427 1178 2499 illius
1212 2428 1379 2498 fidei
1411 2430 1570 2498 vitae
1604 2428 1943 2523 necisque
1972 2427 2045 2496 in
2082 2452 2215 2497 nos
2240 2441 2659 2525 potestatem
2691 2432 3137 2526 permittere,

990 2545 1114 2639 qui
1169 2571 1328 2616 eam
1369 2545 1664 2641 proprio
1727 2567 2068 2638 germano
2126 2543 2287 2632 sub·
2317 2546 2745 2616 sacramenti
2796 2548 3141 2642 religione

991 2661 1335 2732 sancitam
1384 2661 1678 2730 minime
1730 2660 2170 2731 servavisset.
2232 2659 2728 2733 Occurrebant
2762 2662 2985 2735 nobis
3030 2665 3139 2735 die

990 2791 1352 2872 noctuque
1386 2791 1456 2845 et
1488 2791 1749 2845 nostrae
1783 2775 2038 2845 mentis
2066 2775 2630 2848 obversabantur
2652 2780 2917 2868 oculis,
2948 2807 3139 2853 nunc

988 2891 1099 2980 hi,
1151 2891 1530 2960 crudeliter
1565 2915 1916 2986 aquarum
1955 2892 2279 2963 suffocati
2318 2893 2747 2990 gurgitibus,
2787 2922 2997 2969 nunc
3030 2900 3133 2970 isti

987 3006 1145 3077 caesi
1194 3022 1264 3076 et
1300 3007 1568 3097 laniati,
1615 3009 1838 3076 modo
1878 3008 1995 3078 alii
2045 3009 2193 3102 qui,
2238 3009 2497 3080 talibus
2542 3037 2615 3081 se
2648 3011 3135 3086 subducentes

989 3122 1226 3210 malis,
1275 3122 1533 3192 relictis
1567 3121 1993 3218 conjugibus
2036 3139 2107 3192 et
2158 3122 2423 3215 liberis,
2473 3123 2768 3224 [potius]
2808 3131 3127 3201 exsilium

985 3238 1226 3310 subire
1269 3262 1488 3335 quam
1519 3238 1779 3309 talibus
1812 3265 1961 3309 sese.
2004 3240 2365 3311 involvere
2399 3242 2826 3316 criminibus
2865 3245 3131 3341 delege-

985 3367 1170 3444 rant,
1202 3366 1294 3440 et‚
1329 3351 1669 3422 omnibus
1697 3352 1957 3423 relictis
1980 3353 2308 3442 fortuniS‚
2338 3354 2430 3425 de
2452 3354 2821 3452 Babylone
2851 3361 3131 3457 aufuge-

987 3484 1144 3540 rant
1181 3483 1392 3561 atque
1425 3468 1857 3555 exiverant¹3
1890 3493 2202 3564 quorum
2236 3469 2449 3541 nobis
2479 3497 2673 3568 paene
2713 3475 3003 3546 assidue
3031 3499 3127 3546 re·

981 3597 1410 3679 praesentatae
1423 3584 1770 3678 imagines
1784 3584 2055 3654 nullam
2072 3586 2145 3654 in
2165 3586 2580 3682 hujusmodi
2598 3593 2971 3663 amnestiis
2988 3594 3125 3664 sive

981 3695 1497 3768 abolitionibus
1553 3697 2042 3796 reponendam
2097 3725 2246 3771 esse
2297 3727 2498 3799 spem
2559 3707 3114 3780 convincebant.

1062 3927 1117 3981 1.
1164 3923 1427 3980 Allusion
1468 3943 1542 3980 au
1579 3921 1840 3999 supplice
1874 3921 1945 3977 de
1985 3925 2126 3979 Jean
2162 3921 2531 3997 Leboursier‚
2576 3946 2865 3987 receveur
2892 3932 3117 4009 general

973 4018 1046 4074 de
1083 4017 1469 4088 Normandic,
1503 4019 1654 4092 noye
1687 4017 1830 4073 dans
1872 4017 2095 4088 l'Eurc‚
2138 4019 2169 4072 a
2216 4019 2366 4075 celui
2402 4019 2473 4076 (le
2516 4023 2785 4081 Gauvain
2832 4027 3112 4095 Mauviel‚

975 4112 1290 4168 licutenant
1312 4111 1544 4189 general
1572 4111 1648 4168 du
1676 4109 1837 4167 baini
1865 4111 1937 4168 de
1965 4115 2191 4180 Rouen,
2224 4112 2482 4191 decapite
2510 4118 2543 4172 a
2569 4117 3112 4190 Pom-de-I'Arche,

971 4209 1002 4262 a
1035 4204 1189 4262 l'exil
1228 4204 1304 4260 du
1344 4203 1532 4280 doyen
1567 4217 1623 4259 et
1657 4204 1833 4260 d'une
1873 4204 2058 4281 partie
2094 4204 2171 4260 du
2200 4205 2459 4283 chapitre
2486 4209 2561 4266 de
2601 4210 2659 4268 la
2683 4211 3020 4273 cathedrale
3046 4214 3113 4270 de.

971 4303 1194 4356 Rouen.
1237 4297 1370 4354 Voir
1403 4297 1454 4353 la
1483 4297 1811 4372 Chrtmique
1845 4296 2242 4356 scandaleuse.
