3400 5417
876 509 991 564 346
1735 508 2140 578 APOLOGM,

874 641 1241 713 retulimus
1263 645 1308 729 ¹,
1350 641 1610 714 iterum
1645 667 1686 712 e
1718 644 1948 739 patria
1980 658 2047 713 et
2096 642 2588 739 RothomagO,
2627 643 2752 716 uhi
2797 645 2993 720 inha-

875 756 1225 849 bitabant,
1264 758 1340 827 in
1370 758 1693 831 exsilium
1723 759 2028 830 Parisius
2072 758 2524 856 expulerunt.
2562 763 2810 857 quue
2843 780 2992 833 non

875 874 1192 945 contenti
1211 926 1230 962 ,
1280 873 1463 946 duos
1506 888 1936 946 mercatores
1979 873 2072 944 de
2108 874 2560 971 Rothomago
2581 929 2602 966 ,
2640 876 2832 948 viros
2857 876 2993 949 ho-

874 1003 1110 1060 nestos
1134 1046 1153 1081 ,
1209 990 1282 1060 in
1330 1015 1691 1062 carcerem
1747 1005 1818 1061 et
1879 990 2204 1083 vincula,
2265 1005 2612 1087 tanquam
2663 1014 2825 1063 reos
2866 994 2998 1064 cri-

873 1104 1119 1197 miniS,
1179 1104 1630 1178 detruserunt
1669 1132 1684 1177 ε
1739 1130 2048 1203 quorum
2099 1108 2276 1177 alter
2327 1106 2717 1203 aliquando
2777 1124 2999 1181 certas

872 1224 1211 1321 pecunias
1238 1223 1332 1294 ad
1364 1248 1498 1295 nos
1530 1223 1880 1294 detulerat
1906 1221 2000 1293 ad
2025 1223 2386 1295 nundinas
2413 1225 2992 1323 AntwerpienseS,

869 1354 1045 1411 tunc
1102 1340 1395 1435 quidem
1452 1341 1795 1437 temporis
1853 1365 2000 1436 quo
2065 1341 2252 1411 inter
2313 1365 2554 1435 regem
2614 1355 2685 1411 et
2743 1342 2998 1414 ducem

876 1456 1296 1550 Burgundiae
1320 1482 1458 1553 pax
1477 1457 1750 1553 optima
1781 1470 1997 1553 atque
2019 1457 2330 1528 amicitia
2361 1456 2453 1529 ab
2488 1456 2832 1529 omnibus
2854 1484 3000 1530 esse

871 1570 1333 1669 putabantur,
1372 1587 1442 1642 et
1469 1573 1653 1642 inter
1688 1574 2057 1669 utriusque
2096 1574 2436 1671 principis
2468 1588 2688 1644 terras
2719 1598 3002 1645 eorum-

872 1713 1013 1783 que
1062 1687 1381 1758 subditos
1425 1712 1670 1759 secure
1708 1702 1779 1759 et
1817 1687 2039 1759 libere
2087 1688 2598 1760 exercebantur
2647 1713 3002 1760 commer-

872 1805 1047 1892 cia²3
1105 1804 1281 1876 alter
1321 1828 1493 1874 vero
1551 1819 1703 1875 erat
1742 1804 1964 1875 haeres
2017 1804 2392 1900 cujusdam
2445 1808 2731 1902 cognati
2777 1809 3002 1879 nostri

873 1919 1226 2010 defuncti,
1296 1920 1419 2015 qui
1471 1920 1863 2014 aliquando
1931 1920 2041 1991 vel
2108 1921 2440 2017 epistolas
2497 1921 2610 1992 vel
2667 1946 3004 1994 nummos

874 2050 1155 2106 nostros
1186 2061 1315 2133 per
1347 2060 1514 2106 suos
1551 2035 1892 2124 famulos,
1938 2034 2109 2106 dum
2148 2036 2413 2106 viveret
2435 2092 2454 2127 ,
2492 2035 2708 2107 nobis
2737 2037 3006 2109 misisse

873 2152 1268 2223 dicebatur.
1314 2153 1453 2239 Qui
1504 2167 1886 2249 postquam
1936 2151 2061 2224 diu
2104 2153 2342 2224 inedia
2377 2168 2447 2224 et
2491 2153 2826 2249 squalore
2864 2181 3008 2225 car-

876 2270 1053 2340 ceris
1090 2268 1330 2340 afflicti
1368 2269 1696 2357 fuissent,
1741 2293 1890 2338 non
1930 2268 2127 2366 prius
2167 2267 2337 2339 inde
2386 2270 2574 2340 exire
2615 2283 3006 2366 potuerunt

874 2409 1090 2482 quam
1121 2409 1385 2479 magno
1419 2386 1571 2455 auri
1602 2385 1852 2480 pondo
1889 2409 2038 2454 sese
2072 2384 2504 2455 redimerent
2536 2384 2627 2455 ad
2655 2384 3000 2475 valorem,

872 2515 951 2571 ut
986 2500 1342 2591 serebant,
1381 2501 1957 2594 octingentorum
1985 2513 2354 2569 scutorum
2379 2500 2537 2570 auri
2569 2513 2642 2569 et
2665 2502 2997 2598 amplius.

971 2616 1112 2687 Sed
1144 2633 1213 2686 et
1250 2642 1383 2687 nec
1409 2618 1508 2686 sic
1532 2616 1928 2712 plenariam
1959 2615 2286 2685 intentati
2312 2615 2857 2685 calumniose'in
2887 2640 3007 2686 eos

875 2734 1189 2803 criminis
1232 2734 1738 2817 abolitionem,
1806 2731 1930 2802 sed
1983 2756 2026 2803 a
2082 2732 2418 2803 carcerali
2477 2730 2803 2803 custodia
2858 2747 3008 2804 tan-

873 2849 1291 2938 tummodo,
1330 2849 1461 2919 sub
1511 2849 1776 2919 idonea
1831 2848 2165 2919 cautione
2193 2904 2210 2936 ,
2269 2848 2780 2919 relaxationem
2820 2847 3007 2919 obti-

874 2991 1043 3036 nere
1100 2980 1522 3063 potuerunt,
1568 2963 1701 3034 sub
1754 2965 2100 3035 continua
2139 2979 2368 3035 metus
2408 2978 2479 3034 et
2529 2965 2818 3059 pavoris
2871 2990 3009 3062 poe-

875 3082 1245 3153 nosissima
1278 3080 1596 3177 profecto
1644 3080 1996 3151 anxietate
2030 3080 2389 3176 degenteS,
2431 3104 2522 3149 ne
2573 3080 2687 3149 vel
2722 3080 2816 3150 ad
2852 3106 3010 3178 sup-

874 3200 1086 3295 plicia
1128 3199 1518 3296 rapiantur,
1559 3198 1711 3289 vel,
1751 3198 1875 3268 ubi
1915 3200 2152 3268 mitius
2197 3223 2365 3267 cum
2411 3198 2510 3267 eis
2546 3212 2903 3291 ageretur,
2937 3200 3006 3268 in

875 3317 1116 3386 relicta
1158 3316 1256 3385 eis
1310 3315 1675 3385 bonorum
1728 3340 2020 3385 suorum
2079 3300 2360 3385 residua
2400 3315 2735 3412 portione
2787 3316 3009 3386 mulc-

875 3435 1177 3502 tentur³.
1246 3436 1421 3502 Nam
1477 3432 1573 3501 illi
1640 3431 1898 3525 egregii
1958 3431 2466 3517 commissarii,
2527 3431 2653 3525 qui
2717 3430 3004 3502 eosdem

876 3548 1325 3637 detinebant,
1363 3563 1772 3618 constanter
1806 3546 2213 3618 asserebant
2253 3572 2377 3618 eos
2413 3570 2703 3644 poenam
2748 3546 3008 3617 confis-

961 3777 1016 3829 1.
1066 3772 1399 3839 Ci-dessus‚
1436 3792 1491 3847 p.
1530 3775 1667 3830 312.

958 3873 1020 3929 2.
1066 3869 1433 3925 C'est-it-dire
1464 3882 1638 3925 avant
1668 3869 1720 3925 le
1757 3866 1902 3925 mois
1934 3868 2005 3925 de
2041 3868 2169 3940 juin
2194 3870 2372 3927 1470.
2407 3870 2552 3943 Voy.
2600 3865 2901 3926 l’Histoire
2934 3866 3006 3923 du

878 3965 1055 4042 regne
1086 3963 1157 4019 de
1185 3962 1358 4020 Louis
1385 3966 1499 4036 XI,
1539 3976 1580 4019 t.
1624 3968 1710 4035 11,
1744 3984 1803 4040 p.
1839 3964 1978 4019 219.

962 4062 1017 4115 3.
1064 4058 1109 4114 ΙΙ
1142 4078 1177 4132 y
1207 4056 1360 4113 avait
1385 4073 1722 4129 raperentur
1749 4070 1804 4115 et
1828 4061 2229 4113 mulctarentur
2254 4070 2364 4125 que
2386 4055 2634 4113 l'auteur
2661 4074 2696 4110 a
2718 4054 2972 4133 corriges
2991 4098 3005 4125 ,

880 4175 1102 4211 romine
1156 4153 1200 4209 si
1249 4151 1303 4207 la
1354 4153 1717 4227 persecution
1764 4152 1954 4209 durait
1988 4171 2198 4209 encore
2233 4149 2493 4226 lorsqu'il
2540 4146 2743 4205 ecl-ivit
2781 4165 2847 4203 ce
2883 4165 3006 4222 pas-

881 4272 1035 4331 sage.
1069 4253 1200 4311 Cela
1224 4249 1523 4307 neanmois
1550 4247 1734 4324 parait
1763 4270 1874 4326 peu
1903 4248 2202 4325 probable.
2237 4250 2382 4323 Voy.
2421 4245 2699 4303 ci-dessus
2723 4286 2738 4311 ,
2776 4264 2835 4320 p.
2870 4245 3000 4300 207.
