3400 5417
862 490 937 543 92
1408 488 1922 544 HISTORIARUM
1961 488 2436 545 LUDovlcl--xl

861 633 973 691 tus
1004 616 1313 692 militum
1339 619 1667 718 praesidio
1688 675 1707 712 ,
1747 619 2071 711 accessit,
2098 619 2242 690 illic
2276 618 2561 691 duobus
2591 637 2715 693 aut
2751 622 2978 696 tribus

859 749 1288 835 pernoctans
1326 732 1606 827 diebus,
1656 736 1713 806 si
1748 734 1925 806 forte
1960 733 2057 805 ob
2090 736 2559 808 reverentiam
2602 742 2976 835 praesentiae

860 877 1000 923 suae
1034 849 1365 939 rebelles,
1400 851 1693 922 meliore
1742 865 2036 949 accepto
2071 851 2369 922 consilio
2390 907 2407 941 ,
2465 852 2967 951 resipiscerent.

859 967 997 1038 Sed
1027 991 1113 1039 ea
1136 992 1246 1037 res
1284 992 1433 1038 non
1457 966 1681 1037 modo
1700 965 2072 1039 rebellium
2097 968 2375 1039 animos
2393 967 2572 1039 nihil
2600 969 2969 1059 emollivit,

858 1108 1107 1155 verum
1135 1085 1396 1182 potius,
1431 1082 1628 1180 quod
1661 1098 1898 1155 mente
1929 1097 2406 1181 conceperant
2433 1083 2709 1176 odium,
2737 1084 2978 1157 adver·

859 1225 976 1272 sus
1009 1225 1175 1270 eum
1200 1198 1633 1271 manifestius
1667 1224 1816 1269 esse
1842 1200 2080 1297 coepit.
2115 1199 2416 1271 Exibant
2442 1200 2638 1270 enim
2663 1200 2976 1297 quotidie

861 1339 1028 1384 cum
1073 1314 1381 1385 rutheris
1428 1315 1614 1385 cives
1653 1312 1950 1384 rebelles
1980 1314 2073 1384 ad
2106 1313 2664 1411 expugnandum
2697 1337 2864 1384 eum
2912 1330 2978 1385 et

860 1453 1064 1522 suos,
1124 1430 1182 1500 si
1228 1454 1373 1525 quo
1420 1429 1708 1522 ingenio
1750 1453 1788 1498 e
1821 1430 2292 1517 monasteriis,
2323 1430 2395 1500 in
2432 1427 2694 1525 quibus
2721 1430 2978 1501 consis-

855 1543 1105 1615 tebant
1135 1545 1285 1642 ipse
1316 1558 1383 1615 et
1415 1545 1568 1635 sui,
1609 1544 1680 1613 in
1739 1558 2059 1641 patentes
2114 1567 2406 1642 campos
2468 1568 2591 1615 eos
2647 1543 2974 1637 educere,

856 1658 968 1729 vel
1001 1660 1075 1729 in
1105 1659 1440 1729 stationes
1474 1683 1633 1730 suas
1667 1660 1735 1728 vi
1791 1659 1900 1729 vel
1949 1674 2103 1729 astu
2135 1659 2525 1755 irrumpere
2553 1658 2969 1755 potuissent.

856 1777 1031 1860 Quae
1061 1774 1515 1872 perpendens
1564 1774 1758 1845 idem
1787 1775 2132 1872 pontifex,
2176 1775 2298 1871 qui
2346 1773 2738 1845 arthreticis
2769 1775 2974 1845 etiam

853 1889 1304 1987 passionibus
1370 1891 1622 1961 acriter
1673 1889 2090 1979 vexabatur,
2154 1905 2223 1959 et
2282 1889 2481 1983 quod
2523 1890 2597 1959 in
2637 1888 2977 1984 majorem

854 2007 1191 2079 saevitiam
1252 2022 1464 2102 atque
1522 2006 1687 2078 odia
1709 2062 1726 2097 ,
1782 2005 1975 2077 unde
2020 2030 2142 2077 eos
2195 2005 2514 2100 mitigare
2565 2019 2971 2102 putaverat,

855 2137 1105 2193 contra
1151 2146 1224 2192 se
1284 2121 1853 2213 inardescebant,
1891 2121 2136 2191 relicto
2189 2120 2381 2192 dicto
2434 2119 2850 2209 conamine,
2889 2119 2971 2190 ad

856 2254 1164 2311 castrum
1183 2237 1270 2309 de
1311 2246 1414 2309 W
1395 2240 1546 2333 χαλ·
1580 2239 1918 2335 repedare
1950 2239 2242 2309 curavit.

1539 2527 2046 2597 CAPITULUM
2108 2528 2321 2595 XXV.

859 2729 932 2778 De
968 2726 1263 2796 direptione
1297 2724 1483 2796 oppidi
1522 2723 1758 2777 Naerden
1801 2742 1830 2775 a
1867 2724 2092 2775 rutheris
2125 2722 2578 2793 Trajectensibus3
2624 2735 2675 2774 et
2705 2722 2974 2792 quomodo

926 2809 1265 2861 Hollandrini
1288 2808 1433 2879 apud
1456 2809 1645 2861 turrim
1673 2808 1739 2859 de
1765 2812 1957 2872 lVaert,
1983 2826 2142 2877 quam
2169 2806 2504 2873 obsidebant,
2531 2807 2693 2877 fugati
2716 2809 2926 2859 fuerunt
2948 2828 2974 2857 a

924 2893 1372 2963 Trajectensibns;
1415 2906 1463 2944 et
1499 2892 1774 2961 quomodo
1812 2892 1911 2961 ipsi
1947 2892 2305 2961 Trajectenses
2343 2902 2608 2944 tentarunt
2654 2890 2976 2942 reconciliari

926 2977 1049 3031 duci
1080 2977 1322 3042 Austriae,
1350 2979 1549 3029 secluso
1571 2994 1664 3028 suo
1696 2976 1945 3048 pontifice
1973 2978 2010 3030 ⁸.

956 3156 1054 3222 Ea
1093 3164 1504 3247 tempestate
1562 3166 1632 3220 et
1678 3149 1962 3221 turbine
2021 3152 2404 3220 vastatore²
2444 3147 2808 3237 saeviente,
2863 3170 2976 3215 ru-

863 3268 1044 3338 theri
1081 3267 1201 3364 qui
1248 3268 1540 3362 Trajecti
1584 3266 1914 3336 collocati
1949 3280 2149 3335 erant
2175 3320 2192 3355 ,
2233 3289 2398 3334 cum
2423 3262 2660 3332 multis
2693 3285 2780 3332 ex
2812 3262 2975 3331 civi-

864 3384 1024 3473 buS,
1055 3409 1177 3481 per
1205 3383 1495 3454 insidias
1528 3384 1716 3452 cives
1759 3381 2083 3478 oppiduli
2117 3380 2205 3450 de
2239 3378 2528 3449 Naerdis
2552 3377 2969 3467 Hollandiae,

867 3500 1040 3571 nihil
1072 3500 1325 3570 hostile
1366 3498 1455 3568 de
1489 3496 2046 3592 ‘l‘rajectensibus
2097 3496 2556 3591 suspicanteS,
2617 3492 2742 3564 sed
2791 3518 2977 3563 com·

866 3615 1295 3685 merciorum
1325 3628 1393 3683 et
1425 3627 1862 3682 commeatus
1895 3610 2618 3680 communicationem
2653 3633 2816 3678 cum
2857 3610 2976 3678 eis·

866 3731 1029 3801 dem
1085 3742 1404 3799 mutuam
1468 3726 1840 3813 habentes,
1914 3726 2278 3821 intercepti
2319 3726 2536 3794 sunt³.
2605 3728 2782 3793 Nam
2850 3720 2972 3791 sub

944 3936 996 3987 1.
1044 3931 1308 4006 Cliapitre
1347 3928 1608 4005 imprime
1664 3928 1805 3986 dans
1844 3930 1922 3983 les
1969 3932 2243 3982 Analecta
2279 3926 2349 3982 de
2392 3925 2686 3981 Matthaeus
2731 3937 2784 3979 et
2841 3923 2970 3978 dans

859 4027 1267 4100 l'Amplissz'ma
1299 4028 1565 4079 collectio,

941 4122 997 4175 2.
1046 4118 1373 4179 Matthaeus,
1404 4130 1459 4172 ct
1486 4119 1787 4173 vastatione
1820 4123 2094 4171 sementis.

943 4216 997 4269 13.
1048 4215 1120 4268 10
1152 4210 1452 4267 decembre
1484 4214 1657 4267 148¹.
1692 4210 1736 4265 l}
1775 4208 2012 4265 faudrait
2045 4215 2472 4281 interceperunt.
