3400 5417
1098 542 1313 601 mm
1355 543 1654 602 SEXTUS.
2335 554 2360 609 1
2377 555 2403 608 1
2417 556 2452 609 5

328 674 546 745 unice
598 670 759 749 filiae
804 673 1042 747 Caroli
1071 729 1090 766 ,
1128 674 1724 771 Burgundionum
1772 675 1974 748 ducis
1993 733 2012 770 ,
2059 693 2274 776 atque
2309 680 2452 754 hae-

328 788 592 885 redis),
652 812 787 860 nec
830 788 1295 863 humanitatis
1329 790 1940 889 contemplatione
1965 848 1984 885 ,
2039 818 2174 865 nec
2221 798 2454 894 ponti-

326 904 537 977 ficalis
570 920 782 979 tantae
810 904 1171 1002 dignitatis
1204 906 1633 999 reverentia,
1666 933 1820 981 non
1854 923 1958 981 est
1986 934 2234 1008 passus
2268 914 2452 988 tradi

324 1020 693 1119 sepultum
712 1076 731 1113 ,
786 1020 1023 1094 donec
1066 1023 1273 1097 tertia
1324 1022 1623 1097 demum
1678 1023 1796 1096 die
1814 1080 1833 1117 ,
1879 1024 2218 1099 fratribus
2265 1028 2454 1104 beati

320 1138 666 1211 Francisci
710 1162 879 1209 eum
944 1136 1209 1210 obnixe
1265 1138 1687 1234 rogantibus
1710 1196 1729 1229 ‚
1789 1164 2053 1239 corpus
2104 1142 2324 1216 levari
2385 1158 2454 1215 et

320 1254 688 1353 sepultmae
718 1254 907 1328 tradi
940 1254 1126 1326 male
1159 1253 1391 1325 libens
1424 1254 1770 1353 permisit.

409 1372 572 1443 Acta
614 1384 722 1441 est
769 1369 921 1441 haec
970 1369 1197 1442 caedes
1238 1384 1307 1442 et
1354 1386 1507 1443 tam
1560 1372 1849 1443 crudele
1906 1397 1991 1444 ac
2028 1374 2451 1471 parricidale

318 1485 753 1583 sacrilegium
772 1542 791 1579 ,
822 1511 1018 1559 anno
1046 1512 1517 1560 mccchxxxn
1539 1544 1559 1581 ,
1594 1489 2008 1587 paenultima
2040 1489 2158 1561 die
2191 1493 2452 1563 mensis

319 1606 612 1702 augusti.
672 1605 869 1676 Illico
929 1620 1170 1677 autem
1225 1605 1371 1676 hoc
1427 1620 1708 1704 patrato
1771 1607 2072 1679 immani
2137 1608 2400 1680 scelere
2426 1666 2445 1702 ,

317 1720 496 1792 idem
537 1720 919 1816 sacrilegus
956 1722 1028 1792 in
1073 1721 1429 1793 civitatem
1472 1722 1673 1793 irruit
1697 1778 1718 1814 ‚
1756 1736 1826 1793 et
1868 1737 2112 1821 portas
2152 1748 2286 1794 nec
2325 1722 2450 1795 ob·

315 1850 567 1909 seratas
622 1860 756 1908 nec
785 1837 1100 1908 munitas
1140 1837 1547 1929 invenienS,
1608 1861 1770 1909 eam
1793 1894 1813 1930 ‚
1861 1838 2058 1909 nulla
2095 1837 2229 1909 sibi
2264 1838 2449 1912 facta

316 1953 700 2024 resistentia
722 2008 740 2041 ,
798 1953 1145 2024 introivit.
1213 1956 1400 2025 Sane
1455 1976 1543 2024 ex
1588 1951 1733 2022 hoc
1778 1968 1991 2047 atque
2040 1954 2228 2046 aliis,
2286 1979 2444 2050 quae

314 2065 615 2137 subinde
660 2081 901 2138 secuta
942 2082 1147 2159 sunt,
1219 2068 1385 2139 satis
1434 2066 1821 2162 conjectari
1867 2069 2103 2163 potuit
2155 2070 2441 2164 qualem

312 2206 627 2254 amorem
643 2207 728 2254 ac
748 2181 1210 2255 dilectionem
1233 2183 1374 2254 loci
1399 2184 1586 2253 cives
1604 2196 1676 2252 et
1699 2182 1960 2254 accolae
1985 2181 2078 2253 ad
2104 2184 2440 2256 eumdem

312 2297 720 2394 pontificem
775 2322 986 2368 suum
1036 2298 1494 2385 habuissent3
1562 2297 1682 2393 qui
1747 2322 1880 2368 nec
1943 2297 2044 2367 illi
2096 2300 2437 2396 sacrilego

311 2436 461 2495 suas
509 2412 827 2509 objicere
888 2428 1132 2511 portas
1191 2426 1567 2503 curarunt,
1626 2410 1751 2484 sed
1799 2412 2107 2483 ultronei
2159 2417 2382 2509 magis
2413 2472 2430 2507 ,

308 2530 496 2624 quasi
529 2553 702 2601 eum
742 2528 834 2601 ad
874 2528 1010 2600 sibi
1052 2527 1577 2626 praesidendum
1613 2527 2069 2619 invitassent,
2111 2529 2186 2598 in
2234 2554 2435 2601 suam

311 2645 743 2717 intromisere
776 2646 1161 2717 civitatem.

966 2907 1482 2974 CAPITULUM
1541 2908 1753 2974 XXX.

301 3081 580 3147 Quomodo
621 3082 765 3136 idem
797 3084 1074 3156 sacrilegus
1106 3084 1319 3137 intravit
1362 3082 1658 3147 Leodium,
1700 3097 1750 3136 et
1792 3082 1960 3154 coegit
1999 3084 2197 3135 clerum
2242 3083 2432 3153 eligere

364 3166 530 3220 filium
568 3187 728 3220 suum
762 3169 817 3221 in
852 3169 1195 3241 episcopun·1;
1238 3182 1287 3220 et
1319 3168 1543 3238 qualiter
1584 3168 1964 3220 Brabantiones
2002 3166 2279 3219 conatibus
2327 3168 2432 3219 suis

365 3252 571 3307 obviam
601 3253 777 3305 ierunt
795 3254 833 3309 ¹.

388 3418 750 3511 Ingressus
795 3418 1032 3512 itaque
1059 3469 1077 3504 ‚
1120 3417 1191 3486 in
1237 3441 1368 3485 suo
1404 3414 1717 3486 adventu
1765 3414 2110 3511 plurimos
2155 3428 2300 3484 tam
2340 3441 2424 3485 ex

298 3530 478 3602 clero
504 3586 524 3622 ‚
563 3556 787 3628 quam
819 3559 901 3603 ex
941 3530 1252 3619 civibus,
1292 3533 1416 3626 qui
1460 3556 1611 3600 rem
1642 3531 1956 3625 aliquam
1991 3528 2256 3601 habere
2301 3557 2428 3627 pu-

296 3659 635 3737 tarentur,
662 3647 875 3719 bonis
907 3649 1258 3745 spoliavit.
1296 3652 1459 3717 Erat
1486 3648 1680 3717 enim
1699 3652 1721 3683 ²
1747 3645 1879 3716 sibi
1909 3648 2192 3742 suisque
2225 3648 2425 3717 satel-

295 3761 526 3836 litibus
600 3770 766 3837 satis
839 3766 1195 3836 sufficiens
1256 3764 1331 3835 id
1398 3765 1596 3859 quod
1658 3766 1766 3834 vel
1830 3764 1920 3835 de
1981 3765 2228 3836 amicis
2301 3789 2392 3836 au

296 3878 712 3971 fautoribuS‚
747 3908 870 3953 seu
896 3882 1314 3953 consiliariis
1340 3879 1653 3950 defuncti
1688 3880 2080 3967 exstitisset,
2123 3882 2179 3950 si
2201 3877 2422 3975 [quis]

296 3992 739 4071 facultatibus
789 4000 1055 4097 pollere
1098 4015 1169 4070 et
1209 3998 1528 4096 locuples
1564 3997 1714 4068 sore
1753 3998 2182 4069 crederetur.
2236 4002 2422 4066 Post-

368 4200 424 4255 1.
465 4196 738 4275 Chapitre
767 4198 1034 4276 imprime
1059 4197 1203 4256 dans
1230 4197 1644 4273 l’Amplissima
1670 4201 1941 4256 collectio.

368 4294 425 4353 2.
474 4293 668 4349 Plutet
695 4313 803 4348 non
832 4308 955 4347 erat
984 4299 1158 4351 enim.
