3400 5417
1211 525 1433 582 LIBER
1476 526 1774 584 PRIMUS.
2422 528 2541 586 245

414 653 632 724 stolas
666 677 834 723 cum
868 654 1479 748 instructionibuS,
1518 659 1721 728 sicuti
1754 660 1847 730 ad
1880 660 2097 757 ipsos,
2136 659 2481 732 detulerat
2518 687 2535 729 ε

415 769 622 838 veriti
679 784 972 866 propter
1024 794 1184 842 eam
1237 797 1388 843 rem
1438 775 1640 868 regiae.
1691 776 2073 870 majestatis
2121 776 2545 870 indignatio-

417 904 587 950 nem
635 881 994 952 incurrere
1015 935 1032 969 ,
1089 882 1464 980 eidemque
1516 901 1880 982 suspectos
1918 885 2129 982 fieri(
2145 888 2269 982 qui
2302 888 2546 959 omnia

415 995 992 1070 machinamenta
1037 998 1164 1069 filii
1196 1001 1302 1070 sui
1345 1017 1668 1098 suspecta
1712 1002 2171 1073 vehementer
2211 1001 2539 1093 haberet,

415 1127 488 1182 et
521 1113 968 1209 potissimum
998 1138 1085 1184 ex
1121 1139 1209 1185 eo
1238 1116 1435 1210 quod
1475 1117 1667 1187 idem
1693 1116 1903 1208 filius,
1935 1142 2117 1212 quos
2149 1131 2429 1215 poterat
2455 1117 2545 1188 de

417 1229 760 1299 militibus
786 1228 1231 1327 ducibusque
1256 1233 1568 1328 paternis
1587 1232 2005 1304 muneribus
2031 1248 2154 1304 aut
2183 1234 2548 1329 promissis

415 1344 822 1441 pelliciebat
868 1362 937 1417 et
968 1345 1057 1418 ad
1091 1372 1165 1418 se
1198 1347 1488 1441 singulis
1523 1373 1750 1445 prope
1787 1346 2041 1418 diebus
2073 1347 2541 1441 attrahebat),

415 1475 882 1556 properanter
940 1462 1311 1557 epistolam
1371 1487 1589 1556 quam
1652 1487 2146 1559 receperamus
2203 1487 2369 1531 cum
2420 1463 2549 1532 in-

415 1576 925 1647 structionibus
954 1578 1272 1648 misimus
1303 1579 1391 1649 ad
1421 1603 1684 1672 regem,
1719 1603 1847 1676 per
1869 1579 2134 1649 litteras
2168 1602 2302 1648 nos
2332 1602 2545 1649 excu-

417 1702 652 1757 santes
698 1689 895 1782 quod
930 1714 1091 1760 eam
1141 1715 1291 1759 rem
1344 1716 1488 1760 non
1547 1691 1753 1760 citius
1800 1689 1933 1760 sibi
1988 1690 2541 1779 nuntiassemus,

415 1804 618 1899 quod
657 1807 951 1878 minime
989 1808 1460 1879 necessarium
1493 1808 2125 1896 aestimaveramuS,
2169 1830 2336 1875 cum
2371 1804 2546 1875 nihil

417 1922 809 1992 molitionis
855 1935 1106 1992 contra
1156 1922 1591 2015 majestatem
1639 1944 1841 1990 suam
1886 1921 2368 2009 continerent,
2406 1943 2547 1988 ·re-

417 2067 766 2138 sponsum
812 2043 1026 2113 etiam
1074 2041 1270 2138 quod
1309 2041 1560 2110 nuntio
1609 2039 2032 2110 dederamus
2080 2041 2539 2109 insinuanteS.

419 2162 562 2228 Rex
599 2172 835 2229 autem
887 2158 1470 2228 clementissimus
1518 2156 2048 2227 excusationem
2084 2154 2374 2249 quidem
2416 2153 2545 2224 be-

417 2275 634 2367 nigne
680 2275 1019 2370 suscepit3
1071 2271 1192 2341 sed
1241 2285 1387 2341 tota
1424 2271 1523 2340 rei
1568 2271 1781 2340 series
1821 2282 1891 2338 et
1936 2268 2108 2363 quid
2152 2267 2295 2338 'nos
2339 2283 2544 2338 caete-

419 2391 658 2484 rique,
715 2388 807 2459 ad
865 2411 1048 2483 quos
1111 2389 1519 2483 scripserat,
1593 2385 2028 2474 fecissemus,
2091 2383 2223 2479 ipsi
2274 2381 2543 2454 delfino

415 2507 654 2576 statim
711 2506 1043 2575 innotuit.
1106 2501 1430 2574 Habebat
1474 2502 1667 2571 enim
1714 2503 1787 2570 in
1829 2499 2050 2569 domo
2092 2514 2387 2596 paterna
2420 2500 2543 2595 qui

418 2637 679 2692 cuncta
711 2620 885 2709 sibi,
923 2644 1079 2717 quae
1124 2644 1330 2689 nosse
1367 2618 1792 2715 potuissent,
1834 2617 2263 2685 nuntiarent.

521 2741 620 2805 Ex
664 2737 786 2806 illo
825 2761 1036 2829 ergO,
1091 2750 1170 2804 ut
1219 2735 1569 2828 conjicere
1607 2757 2020 2828 possumus,
2065 2731 2228 2800 licet
2271 2745 2543 2801 certum

418 2855 722 2923 omnino
789 2877 936 2923 non
989 2850 1415 2940 habeamus,
1486 2849 1633 2920 odii
1697 2848 1923 2918 fomes
1985 2847 2361 2918 adversum
2413 2872 2546 2918 nos

417 2971 675 3039 exoriri
711 2969 1176 3040 verisimiliter
1215 2969 1480 3064 potuit,
1539 2966 1740 3059 quasi
1790 2990 1862 3034 se
1894 2989 1937 3035 a
1972 2964 2182 3034 nobis
2230 2979 2546 3059 spretum

418 3112 587 3156 cum
640 3085 752 3156 his
802 3110 957 3180 quae
1013 3109 1087 3154 se
1155 3083 1627 3179 praestiturum
1677 3079 2065 3149 honoraria
2118 3079 2545 3174 amplissima

417 3201 907 3298 promittebat,
945 3213 1579 3295 contemptumque
1607 3197 1950 3265 {estimare
1971 3196 2305 3291 potuerit.
2334 3193 2547 3278 Quod

420 3321 743 3416 profecto
776 3319 1002 3388 facere
1045 3342 1192 3386 non
1230 3314 1514 3402 debuit,
1556 3312 1612 3380 si
1647 3312 1904 3407 pietate
1943 3311 2359 3379 instructum
2396 3310 2549 3378 ani-

423 3460 620 3504 mum
649 3435 740 3505 ad
759 3459 966 3504 suum
996 3434 1387 3526 genitorem
1418 3430 1771 3526 optimum
1792 3427 2149 3495 tenuisset.
2186 3424 2323 3492 Sed
2353 3424 2543 3516 quia,

421 3564 711 3619 mortuo
745 3564 984 3646 patre,
1035 3572 1284 3617 omnes
1323 3547 1440 3640 qui
1483 3543 1715 3612 eidem
1765 3542 1947 3638 patri
1996 3540 2303 3609 cariores
2355 3538 2552 3607 sami-

419 3666 879 3761 liarioresque
913 3665 1344 3750 exstiterant,
1381 3684 1642 3752 magno
1690 3659 1861 3726 odio
1899 3682 1971 3725 se
2008 3655 2341 3725 habuisse
2372 3653 2553 3722 indi-

420 3783 610 3851 cavit
641 3806 905 3876 eosque
941 3781 1232 3850 diversis
1266 3803 1346 3847 ac
1391 3776 1598 3846 xariis
1640 3772 2249 3871 persecutionibus
2283 3770 2507 3840 affecit
2533 3822 2551 3852 ,

423 3927 574 3971 non
614 3899 1205 3998 improbabiliter,
1249 3897 1345 3966 ob
1394 3893 1807 3986 hujusmodi
1861 3918 2077 3987 quam
2130 3892 2558 3960 retexuimus

419 4041 751 4106 causam,
797 4017 1148 4086 insensum
1180 4040 1341 4083 eum
1379 4010 1588 4080 nobis
1618 4009 1975 4078 redditum
2006 4021 2074 4076 et
2115 4007 2183 4074 iu
2219 4033 2347 4074 uos
2382 4031 2556 4074 cou-

419 4134 695 4228 cepisse
731 4134 977 4202 odium
1013 4153 1436 4228 praesumere
1472 4150 1873 4222 possumus,

527 4244 667 4313 Sed
717 4244 858 4312 hoc
911 4241 1201 4336 quidem
1259 4241 1590 4330 exiguum
1635 4250 1738 4304 est
1793 4250 1861 4302 et
1910 4257 2249 4329 parvum,
2312 4255 2561 4300 eorum
