<?xml version="1.0" encoding="UTF-8"?>
<!DOCTYPE html PUBLIC "-//W3C//DTD XHTML 1.0 Transitional//EN"
    "http://www.w3.org/TR/xhtml1/DTD/xhtml1-transitional.dtd">
<html xmlns="http://www.w3.org/1999/xhtml" xml:lang="en" lang="en">
 <head>
  <title>
</title>
<meta http-equiv="Content-Type" content="text/html;charset=utf-8" />
  <meta name='ocr-system' content='tesseract 3.04.00' />
  <meta name='ocr-capabilities' content='ocr_page ocr_carea ocr_par ocr_line ocrx_word'/>
</head>
<body>
  <div class='ocr_page' id='page_1' title='image "./histoiredesrgne00unkngoog_0327.png"; bbox 0 0 3400 5417; ppageno 0'>
   <div class='ocr_carea' id='block_1_1' title="bbox 109 861 148 918">
    <p class='ocr_par' dir='ltr' id='par_1_1' title="bbox 109 861 148 918">
     <span class='ocr_line' id='line_1_1' title="bbox 109 861 148 918; textangle 90"><span class='ocrx_word' id='word_1_1' title='bbox 109 861 148 918; x_wconf 63' lang='grc' dir='ltr'><strong><em>ῃ</em></strong></span> 
     </span>
    </p>
   </div>
   <div class='ocr_carea' id='block_1_2' title="bbox 107 987 146 1512">
    <p class='ocr_par' dir='ltr' id='par_1_2' title="bbox 107 987 146 1512">
     <span class='ocr_line' id='line_1_2' title="bbox 107 987 146 1512; textangle 90"><span class='ocrx_word' id='word_1_2' title='bbox 107 1468 144 1512; x_wconf 68' lang='grc' dir='ltr'><strong>ῖς</strong></span> <span class='ocrx_word' id='word_1_3' title='bbox 107 1351 135 1394; x_wconf 79' lang='grc' dir='ltr'><strong>ι.-</strong></span> <span class='ocrx_word' id='word_1_4' title='bbox 107 1230 142 1275; x_wconf 58' lang='lat' dir='ltr'><strong>,a</strong></span> <span class='ocrx_word' id='word_1_5' title='bbox 109 1089 146 1155; x_wconf 38' lang='lat' dir='ltr'><strong>m*</strong></span> <span class='ocrx_word' id='word_1_6' title='bbox 109 987 136 1036; x_wconf 62' lang='grc'>;’.·</span> 
     </span>
    </p>
   </div>
   <div class='ocr_carea' id='block_1_3' title="bbox 1179 470 2527 530">
    <p class='ocr_par' dir='ltr' id='par_1_3' title="bbox 1179 470 2527 530">
     <span class='ocr_line' id='line_1_3' title="bbox 1179 470 2527 530; baseline 0.003 -4"><span class='ocrx_word' id='word_1_7' title='bbox 1179 470 1400 528; x_wconf 77' lang='lat' dir='ltr'>LIBER</span> <span class='ocrx_word' id='word_1_8' title='bbox 1441 470 1743 530; x_wconf 71' lang='lat' dir='ltr'>PRIMUS.</span> <span class='ocrx_word' id='word_1_9' title='bbox 2408 473 2527 530; x_wconf 71' lang='lat'><strong>288</strong></span> 
     </span>
    </p>
   </div>
   <div class='ocr_carea' id='block_1_4' title="bbox 393 598 2563 3838">
    <p class='ocr_par' dir='ltr' id='par_1_4' title="bbox 393 598 2563 3838">
     <span class='ocr_line' id='line_1_4' title="bbox 398 598 2529 702; baseline 0 -28"><span class='ocrx_word' id='word_1_10' title='bbox 398 603 578 674; x_wconf 77' lang='lat' dir='ltr'><strong>latus</strong></span> <span class='ocrx_word' id='word_1_11' title='bbox 632 601 991 674; x_wconf 84' lang='lat' dir='ltr'><strong>honorem</strong></span> <span class='ocrx_word' id='word_1_12' title='bbox 1053 598 1422 673; x_wconf 87' lang='lat' dir='ltr'><strong>sublimari</strong></span> <span class='ocrx_word' id='word_1_13' title='bbox 1487 603 1900 702; x_wconf 77' lang='lat' dir='ltr'><strong>procuravit</strong></span> <span class='ocrx_word' id='word_1_14' title='bbox 1923 607 1967 671; x_wconf 87' lang='lat'><strong>².</strong></span> <span class='ocrx_word' id='word_1_15' title='bbox 2052 605 2227 674; x_wconf 86' lang='lat' dir='ltr'><strong>Eum</strong></span> <span class='ocrx_word' id='word_1_16' title='bbox 2289 605 2529 699; x_wconf 83' lang='lat' dir='ltr'><strong>igitur,</strong></span> 
     </span>
     <span class='ocr_line' id='line_1_5' title="bbox 399 715 2535 816; baseline 0.001 -27"><span class='ocrx_word' id='word_1_17' title='bbox 399 741 532 816; x_wconf 84' lang='lat' dir='ltr'><strong>pro</strong></span> <span class='ocrx_word' id='word_1_18' title='bbox 553 741 643 790; x_wconf 88' lang='lat' dir='ltr'><strong>eo</strong></span> <span class='ocrx_word' id='word_1_19' title='bbox 671 717 872 813; x_wconf 89' lang='lat' dir='ltr'><strong>quod</strong></span> <span class='ocrx_word' id='word_1_20' title='bbox 913 730 1112 790; x_wconf 86' lang='lat' dir='ltr'><strong>tanta</strong></span> <span class='ocrx_word' id='word_1_21' title='bbox 1141 715 1337 813; x_wconf 86' lang='lat' dir='ltr'><strong>apud</strong></span> <span class='ocrx_word' id='word_1_22' title='bbox 1370 741 1612 812; x_wconf 89' lang='lat' dir='ltr'><strong>regem</strong></span> <span class='ocrx_word' id='word_1_23' title='bbox 1649 733 1721 788; x_wconf 88' lang='lat' dir='ltr'><strong>et</strong></span> <span class='ocrx_word' id='word_1_24' title='bbox 1753 732 2101 816; x_wconf 82' lang='lat' dir='ltr'><strong>potestate</strong></span> <span class='ocrx_word' id='word_1_25' title='bbox 2141 734 2213 790; x_wconf 89' lang='lat' dir='ltr'><strong>et</strong></span> <span class='ocrx_word' id='word_1_26' title='bbox 2243 718 2535 791; x_wconf 84' lang='lat' dir='ltr'><strong>familia·</strong></span> 
     </span>
     <span class='ocr_line' id='line_1_6' title="bbox 397 831 2531 931; baseline 0.001 -29"><span class='ocrx_word' id='word_1_27' title='bbox 397 833 597 904; x_wconf 82' lang='lat' dir='ltr'><strong>ritate</strong></span> <span class='ocrx_word' id='word_1_28' title='bbox 630 833 1010 930; x_wconf 89' lang='lat' dir='ltr'><strong>potiretur,</strong></span> <span class='ocrx_word' id='word_1_29' title='bbox 1062 831 1363 903; x_wconf 86' lang='lat' dir='ltr'><strong>consilio</strong></span> <span class='ocrx_word' id='word_1_30' title='bbox 1414 833 1815 904; x_wconf 87' lang='lat' dir='ltr'><strong>amicorum</strong></span> <span class='ocrx_word' id='word_1_31' title='bbox 1867 847 1950 904; x_wconf 92' lang='lat' dir='ltr'><strong>ut</strong></span> <span class='ocrx_word' id='word_1_32' title='bbox 2002 857 2139 931; x_wconf 90' lang='lat' dir='ltr'><strong>pro</strong></span> <span class='ocrx_word' id='word_1_33' title='bbox 2194 833 2531 905; x_wconf 79' lang='lat' dir='ltr'><strong>interces-</strong></span> 
     </span>
     <span class='ocr_line' id='line_1_7' title="bbox 396 947 2537 1045; baseline 0 -27"><span class='ocrx_word' id='word_1_34' title='bbox 396 972 554 1018; x_wconf 87' lang='lat' dir='ltr'><strong>sore</strong></span> <span class='ocrx_word' id='word_1_35' title='bbox 605 963 819 1043; x_wconf 90' lang='lat' dir='ltr'><strong>atque</strong></span> <span class='ocrx_word' id='word_1_36' title='bbox 867 947 1262 1020; x_wconf 88' lang='lat' dir='ltr'><strong>mediatore</strong></span> <span class='ocrx_word' id='word_1_37' title='bbox 1303 971 1675 1045; x_wconf 75' lang='lat' dir='ltr'><strong>possemus</strong></span> <span class='ocrx_word' id='word_1_38' title='bbox 1721 947 2089 1044; x_wconf 84' lang='lat' dir='ltr'><strong>acquirere</strong></span> <span class='ocrx_word' id='word_1_39' title='bbox 2113 997 2135 1035; x_wconf 87' lang='lat'><strong>,</strong></span> <span class='ocrx_word' id='word_1_40' title='bbox 2185 947 2350 1018; x_wconf 90' lang='lat' dir='ltr'><strong>licet</strong></span> <span class='ocrx_word' id='word_1_41' title='bbox 2404 971 2537 1019; x_wconf 88' lang='lat' dir='ltr'><strong>nec</strong></span> 
     </span>
     <span class='ocr_line' id='line_1_8' title="bbox 393 1061 2538 1161; baseline -0 -26"><span class='ocrx_word' id='word_1_42' title='bbox 393 1065 784 1136; x_wconf 84' lang='lat' dir='ltr'><strong>litteratura</strong></span> <span class='ocrx_word' id='word_1_43' title='bbox 835 1089 968 1134; x_wconf 90' lang='lat' dir='ltr'><strong>nec</strong></span> <span class='ocrx_word' id='word_1_44' title='bbox 1001 1064 1324 1136; x_wconf 83' lang='lat' dir='ltr'><strong>honestis</strong></span> <span class='ocrx_word' id='word_1_45' title='bbox 1361 1064 1528 1135; x_wconf 92' lang='lat' dir='ltr'><strong>satis</strong></span> <span class='ocrx_word' id='word_1_46' title='bbox 1554 1062 1883 1136; x_wconf 90' lang='lat' dir='ltr'><strong>moribus</strong></span> <span class='ocrx_word' id='word_1_47' title='bbox 1924 1061 2119 1161; x_wconf 87' lang='lat' dir='ltr'><strong>apud</strong></span> <span class='ocrx_word' id='word_1_48' title='bbox 2168 1087 2377 1134; x_wconf 86' lang='lat' dir='ltr'><strong>veros</strong></span> <span class='ocrx_word' id='word_1_49' title='bbox 2429 1087 2538 1134; x_wconf 88' lang='lat' dir='ltr'><strong>re-</strong></span> 
     </span>
     <span class='ocr_line' id='line_1_9' title="bbox 395 1179 2539 1284; baseline -0.003 -28"><span class='ocrx_word' id='word_1_50' title='bbox 395 1208 556 1256; x_wconf 86' lang='lat' dir='ltr'><strong>rum</strong></span> <span class='ocrx_word' id='word_1_51' title='bbox 590 1183 1050 1284; x_wconf 81' lang='lat' dir='ltr'><strong>aestimatores</strong></span> <span class='ocrx_word' id='word_1_52' title='bbox 1078 1181 1376 1276; x_wconf 86' lang='lat' dir='ltr'><strong>alicujus</strong></span> <span class='ocrx_word' id='word_1_53' title='bbox 1397 1182 1817 1280; x_wconf 74' lang='lat' dir='ltr'><strong>praestantiae</strong></span> <span class='ocrx_word' id='word_1_54' title='bbox 1843 1179 2264 1274; x_wconf 88' lang='lat' dir='ltr'><strong>haberetur,</strong></span> <span class='ocrx_word' id='word_1_55' title='bbox 2298 1197 2539 1254; x_wconf 87' lang='lat' dir='ltr'><strong>tamen</strong></span> 
     </span>
     <span class='ocr_line' id='line_1_10' title="bbox 397 1296 2537 1395; baseline 0 -27"><span class='ocrx_word' id='word_1_56' title='bbox 397 1322 534 1395; x_wconf 90' lang='lat' dir='ltr'><strong>pro</strong></span> <span class='ocrx_word' id='word_1_57' title='bbox 567 1299 874 1370; x_wconf 85' lang='lat' dir='ltr'><strong>instante</strong></span> <span class='ocrx_word' id='word_1_58' title='bbox 929 1298 1344 1370; x_wconf 83' lang='lat' dir='ltr'><strong>necessitate</strong></span> <span class='ocrx_word' id='word_1_59' title='bbox 1388 1312 1459 1368; x_wconf 94' lang='lat' dir='ltr'><strong>et</strong></span> <span class='ocrx_word' id='word_1_60' title='bbox 1509 1299 1745 1369; x_wconf 90' lang='lat' dir='ltr'><strong>colere</strong></span> <span class='ocrx_word' id='word_1_61' title='bbox 1791 1311 1863 1369; x_wconf 90' lang='lat' dir='ltr'><strong>et</strong></span> <span class='ocrx_word' id='word_1_62' title='bbox 1914 1296 2295 1369; x_wconf 83' lang='lat' dir='ltr'><strong>observare</strong></span> <span class='ocrx_word' id='word_1_63' title='bbox 2330 1320 2537 1369; x_wconf 90' lang='lat' dir='ltr'><strong>cura-</strong></span> 
     </span>
     <span class='ocr_line' id='line_1_11' title="bbox 397 1409 2543 1510; baseline 0 -27"><span class='ocrx_word' id='word_1_64' title='bbox 397 1415 629 1484; x_wconf 83' lang='lat' dir='ltr'><strong>vimus</strong></span> <span class='ocrx_word' id='word_1_65' title='bbox 667 1439 682 1483; x_wconf 91' lang='lat'>:</span> <span class='ocrx_word' id='word_1_66' title='bbox 725 1414 1152 1486; x_wconf 68' lang='lat' dir='ltr'><strong>aestimantes</strong></span> <span class='ocrx_word' id='word_1_67' title='bbox 1205 1414 1307 1504; x_wconf 93' lang='lat' dir='ltr'><strong>si,</strong></span> <span class='ocrx_word' id='word_1_68' title='bbox 1364 1411 1985 1510; x_wconf 88' lang='lat' dir='ltr'><strong>quemadmodum</strong></span> <span class='ocrx_word' id='word_1_69' title='bbox 2037 1437 2111 1483; x_wconf 85' lang='lat' dir='ltr'><strong>se</strong></span> <span class='ocrx_word' id='word_1_70' title='bbox 2156 1409 2543 1508; x_wconf 89' lang='lat' dir='ltr'><strong>recipiebat</strong></span> 
     </span>
     <span class='ocr_line' id='line_1_12' title="bbox 398 1529 2542 1628; baseline 0 -29"><span class='ocrx_word' id='word_1_71' title='bbox 398 1529 750 1601; x_wconf 88' lang='lat' dir='ltr'><strong>facturum</strong></span> <span class='ocrx_word' id='word_1_72' title='bbox 775 1585 794 1622; x_wconf 88' lang='lat'>‚</span> <span class='ocrx_word' id='word_1_73' title='bbox 847 1531 1126 1603; x_wconf 90' lang='lat' dir='ltr'><strong>sincero</strong></span> <span class='ocrx_word' id='word_1_74' title='bbox 1180 1529 1399 1600; x_wconf 89' lang='lat' dir='ltr'><strong>corde</strong></span> <span class='ocrx_word' id='word_1_75' title='bbox 1441 1544 1512 1600; x_wconf 90' lang='lat' dir='ltr'><strong>et</strong></span> <span class='ocrx_word' id='word_1_76' title='bbox 1556 1544 1754 1601; x_wconf 88' lang='lat' dir='ltr'><strong>recta</strong></span> <span class='ocrx_word' id='word_1_77' title='bbox 1806 1529 2184 1601; x_wconf 83' lang='lat' dir='ltr'><strong>affectione</strong></span> <span class='ocrx_word' id='word_1_78' title='bbox 2245 1553 2542 1628; x_wconf 86' lang='lat' dir='ltr'><strong>operam</strong></span> 
     </span>
     <span class='ocr_line' id='line_1_13' title="bbox 396 1644 2543 1744; baseline -0.001 -26"><span class='ocrx_word' id='word_1_79' title='bbox 396 1645 569 1718; x_wconf 87' lang='lat' dir='ltr'><strong>dare</strong></span> <span class='ocrx_word' id='word_1_80' title='bbox 619 1645 870 1736; x_wconf 85' lang='lat' dir='ltr'><strong>vellet,</strong></span> <span class='ocrx_word' id='word_1_81' title='bbox 909 1644 1110 1742; x_wconf 91' lang='lat' dir='ltr'><strong>quod</strong></span> <span class='ocrx_word' id='word_1_82' title='bbox 1138 1645 1496 1741; x_wconf 88' lang='lat' dir='ltr'><strong>regalibus</strong></span> <span class='ocrx_word' id='word_1_83' title='bbox 1526 1646 1663 1717; x_wconf 93' lang='lat' dir='ltr'><strong>illis</strong></span> <span class='ocrx_word' id='word_1_84' title='bbox 1708 1645 1828 1741; x_wconf 87' lang='lat' dir='ltr'><strong>(de</strong></span> <span class='ocrx_word' id='word_1_85' title='bbox 1866 1645 2129 1743; x_wconf 91' lang='lat' dir='ltr'><strong>quibus</strong></span> <span class='ocrx_word' id='word_1_86' title='bbox 2174 1645 2323 1741; x_wconf 90' lang='lat' dir='ltr'><strong>jam</strong></span> <span class='ocrx_word' id='word_1_87' title='bbox 2360 1670 2543 1744; x_wconf 83' lang='lat' dir='ltr'><strong>saepe</strong></span> 
     </span>
     <span class='ocr_line' id='line_1_14' title="bbox 402 1760 2546 1858; baseline -0 -25"><span class='ocrx_word' id='word_1_88' title='bbox 402 1786 445 1833; x_wconf 90' lang='lat' dir='ltr'><strong>a</strong></span> <span class='ocrx_word' id='word_1_89' title='bbox 479 1760 695 1832; x_wconf 87' lang='lat' dir='ltr'><strong>nobis</strong></span> <span class='ocrx_word' id='word_1_90' title='bbox 727 1761 1028 1834; x_wconf 88' lang='lat' dir='ltr'><strong>relatum</strong></span> <span class='ocrx_word' id='word_1_91' title='bbox 1058 1763 1191 1858; x_wconf 85' lang='lat' dir='ltr'><strong>est)</strong></span> <span class='ocrx_word' id='word_1_92' title='bbox 1223 1760 1742 1834; x_wconf 84' lang='lat' dir='ltr'><strong>abolitionibus</strong></span> <span class='ocrx_word' id='word_1_93' title='bbox 1777 1776 1849 1832; x_wconf 90' lang='lat' dir='ltr'><strong>et</strong></span> <span class='ocrx_word' id='word_1_94' title='bbox 1881 1760 2342 1858; x_wconf 80' lang='lat' dir='ltr'><strong>indulgentiis</strong></span> <span class='ocrx_word' id='word_1_95' title='bbox 2376 1786 2546 1858; x_wconf 90' lang='lat' dir='ltr'><strong>gau-</strong></span> 
     </span>
     <span class='ocr_line' id='line_1_15' title="bbox 396 1876 2548 1976; baseline 0.001 -28"><span class='ocrx_word' id='word_1_96' title='bbox 396 1877 569 1949; x_wconf 92' lang='lat' dir='ltr'><strong>dere</strong></span> <span class='ocrx_word' id='word_1_97' title='bbox 601 1878 810 1949; x_wconf 91' lang='lat' dir='ltr'><strong>nobis</strong></span> <span class='ocrx_word' id='word_1_98' title='bbox 844 1878 1046 1950; x_wconf 88' lang='lat' dir='ltr'><strong>facile</strong></span> <span class='ocrx_word' id='word_1_99' title='bbox 1079 1879 1358 1967; x_wconf 89' lang='lat' dir='ltr'><strong>liceret,</strong></span> <span class='ocrx_word' id='word_1_100' title='bbox 1397 1903 1710 1975; x_wconf 90' lang='lat' dir='ltr'><strong>quarum</strong></span> <span class='ocrx_word' id='word_1_101' title='bbox 1740 1876 2098 1949; x_wconf 81' lang='lat' dir='ltr'><strong>beneficio</strong></span> <span class='ocrx_word' id='word_1_102' title='bbox 2140 1879 2298 1950; x_wconf 86' lang='lat' dir='ltr'><strong>freti</strong></span> <span class='ocrx_word' id='word_1_103' title='bbox 2336 1895 2548 1976; x_wconf 84' lang='lat' dir='ltr'><strong>atque</strong></span> 
     </span>
     <span class='ocr_line' id='line_1_16' title="bbox 400 1993 2549 2090; baseline -0 -24"><span class='ocrx_word' id='word_1_104' title='bbox 400 1996 697 2066; x_wconf 90' lang='lat' dir='ltr'><strong>animati</strong></span> <span class='ocrx_word' id='word_1_105' title='bbox 729 1994 822 2066; x_wconf 90' lang='lat' dir='ltr'><strong>ad</strong></span> <span class='ocrx_word' id='word_1_106' title='bbox 860 1996 1159 2090; x_wconf 86' lang='lat' dir='ltr'><strong>gratiam</strong></span> <span class='ocrx_word' id='word_1_107' title='bbox 1196 2009 1266 2066; x_wconf 89' lang='lat' dir='ltr'><strong>et</strong></span> <span class='ocrx_word' id='word_1_108' title='bbox 1303 1993 1793 2066; x_wconf 89' lang='lat' dir='ltr'><strong>obedientiam</strong></span> <span class='ocrx_word' id='word_1_109' title='bbox 1822 1995 2005 2088; x_wconf 86' lang='lat' dir='ltr'><strong>regis</strong></span> <span class='ocrx_word' id='word_1_110' title='bbox 2037 1994 2391 2066; x_wconf 90' lang='lat' dir='ltr'><strong>redeundi</strong></span> <span class='ocrx_word' id='word_1_111' title='bbox 2426 2019 2549 2067; x_wconf 90' lang='lat' dir='ltr'><strong>au-</strong></span> 
     </span>
     <span class='ocr_line' id='line_1_17' title="bbox 399 2109 2549 2207; baseline 0 -25"><span class='ocrx_word' id='word_1_112' title='bbox 399 2135 559 2182; x_wconf 89' lang='lat' dir='ltr'><strong>sum</strong></span> <span class='ocrx_word' id='word_1_113' title='bbox 587 2124 657 2182; x_wconf 91' lang='lat' dir='ltr'><strong>et</strong></span> <span class='ocrx_word' id='word_1_114' title='bbox 685 2111 1138 2207; x_wconf 85' lang='lat' dir='ltr'><strong>propositum</strong></span> <span class='ocrx_word' id='word_1_115' title='bbox 1172 2133 1727 2206; x_wconf 90' lang='lat' dir='ltr'><strong>sumpseramus.</strong></span> <span class='ocrx_word' id='word_1_116' title='bbox 1764 2113 1919 2180; x_wconf 90' lang='lat' dir='ltr'><strong>Non</strong></span> <span class='ocrx_word' id='word_1_117' title='bbox 1950 2110 2173 2197; x_wconf 92' lang='lat' dir='ltr'><strong>enim,</strong></span> <span class='ocrx_word' id='word_1_118' title='bbox 2208 2124 2285 2179; x_wconf 91' lang='lat' dir='ltr'><strong>ut</strong></span> <span class='ocrx_word' id='word_1_119' title='bbox 2310 2109 2549 2182; x_wconf 88' lang='lat' dir='ltr'><strong>aieba-</strong></span> 
     </span>
     <span class='ocr_line' id='line_1_18' title="bbox 399 2225 2551 2325; baseline -0.001 -27"><span class='ocrx_word' id='word_1_120' title='bbox 399 2252 602 2314; x_wconf 87' lang='lat' dir='ltr'><strong>mus‚</strong></span> <span class='ocrx_word' id='word_1_121' title='bbox 645 2225 736 2297; x_wconf 89' lang='lat' dir='ltr'><strong>de</strong></span> <span class='ocrx_word' id='word_1_122' title='bbox 782 2228 1093 2324; x_wconf 76' lang='lat' dir='ltr'><strong>propriis</strong></span> <span class='ocrx_word' id='word_1_123' title='bbox 1142 2239 1650 2323; x_wconf 86' lang='lat' dir='ltr'><strong>praesumentes</strong></span> <span class='ocrx_word' id='word_1_124' title='bbox 1703 2225 2006 2316; x_wconf 82' lang='lat' dir='ltr'><strong>meritiS‚</strong></span> <span class='ocrx_word' id='word_1_125' title='bbox 2062 2249 2298 2321; x_wconf 92' lang='lat' dir='ltr'><strong>neque</strong></span> <span class='ocrx_word' id='word_1_126' title='bbox 2335 2251 2551 2325; x_wconf 90' lang='lat' dir='ltr'><strong>super</strong></span> 
     </span>
     <span class='ocr_line' id='line_1_19' title="bbox 400 2340 2551 2441; baseline -0 -28"><span class='ocrx_word' id='word_1_127' title='bbox 400 2345 500 2413; x_wconf 89' lang='lat' dir='ltr'><strong>eis</strong></span> <span class='ocrx_word' id='word_1_128' title='bbox 539 2343 999 2441; x_wconf 85' lang='lat' dir='ltr'><strong>disceptaturi</strong></span> <span class='ocrx_word' id='word_1_129' title='bbox 1030 2342 1142 2416; x_wconf 84' lang='lat' dir='ltr'><strong>vel</strong></span> <span class='ocrx_word' id='word_1_130' title='bbox 1179 2341 1369 2439; x_wconf 90' lang='lat' dir='ltr'><strong>apud</strong></span> <span class='ocrx_word' id='word_1_131' title='bbox 1407 2366 1646 2435; x_wconf 84' lang='lat' dir='ltr'><strong>regem</strong></span> <span class='ocrx_word' id='word_1_132' title='bbox 1682 2365 1817 2412; x_wconf 91' lang='lat' dir='ltr'><strong>nos</strong></span> <span class='ocrx_word' id='word_1_133' title='bbox 1858 2340 2304 2437; x_wconf 71' lang='lat' dir='ltr'><strong>justificatur-i</strong></span> <span class='ocrx_word' id='word_1_134' title='bbox 2330 2399 2347 2432; x_wconf 89' lang='lat'>‚</span> <span class='ocrx_word' id='word_1_135' title='bbox 2390 2344 2551 2413; x_wconf 91' lang='lat' dir='ltr'><strong>licet</strong></span> 
     </span>
     <span class='ocr_line' id='line_1_20' title="bbox 402 2459 2549 2556; baseline -0 -27"><span class='ocrx_word' id='word_1_136' title='bbox 402 2461 668 2531; x_wconf 89' lang='lat' dir='ltr'><strong>nullius</strong></span> <span class='ocrx_word' id='word_1_137' title='bbox 722 2485 1014 2556; x_wconf 89' lang='lat' dir='ltr'><strong>prorsus</strong></span> <span class='ocrx_word' id='word_1_138' title='bbox 1059 2459 1328 2531; x_wconf 91' lang='lat' dir='ltr'><strong>conscii</strong></span> <span class='ocrx_word' id='word_1_139' title='bbox 1379 2459 1697 2531; x_wconf 87' lang='lat' dir='ltr'><strong>criminis</strong></span> <span class='ocrx_word' id='word_1_140' title='bbox 1744 2482 2094 2550; x_wconf 86' lang='lat' dir='ltr'><strong>essemus,</strong></span> <span class='ocrx_word' id='word_1_141' title='bbox 2148 2459 2549 2529; x_wconf 88' lang='lat' dir='ltr'><strong>revertendi</strong></span> 
     </span>
     <span class='ocr_line' id='line_1_21' title="bbox 401 2573 2555 2674; baseline -0 -27"><span class='ocrx_word' id='word_1_142' title='bbox 401 2577 784 2647; x_wconf 86' lang='lat' dir='ltr'><strong>consilium</strong></span> <span class='ocrx_word' id='word_1_143' title='bbox 840 2599 1379 2674; x_wconf 84' lang='lat' dir='ltr'><strong>acceperamus3</strong></span> <span class='ocrx_word' id='word_1_144' title='bbox 1434 2574 1557 2645; x_wconf 90' lang='lat' dir='ltr'><strong>sed</strong></span> <span class='ocrx_word' id='word_1_145' title='bbox 1613 2573 1703 2645; x_wconf 91' lang='lat' dir='ltr'><strong>de</strong></span> <span class='ocrx_word' id='word_1_146' title='bbox 1762 2574 1916 2644; x_wconf 89' lang='lat' dir='ltr'><strong>sola</strong></span> <span class='ocrx_word' id='word_1_147' title='bbox 1969 2574 2152 2669; x_wconf 86' lang='lat' dir='ltr'><strong>regis</strong></span> <span class='ocrx_word' id='word_1_148' title='bbox 2205 2576 2423 2669; x_wconf 87' lang='lat' dir='ltr'><strong>gratia</strong></span> <span class='ocrx_word' id='word_1_149' title='bbox 2486 2590 2555 2646; x_wconf 92' lang='lat' dir='ltr'><strong>et</strong></span> 
     </span>
     <span class='ocr_line' id='line_1_22' title="bbox 402 2692 2556 2790; baseline 0 -26"><span class='ocrx_word' id='word_1_150' title='bbox 402 2693 782 2764; x_wconf 90' lang='lat' dir='ltr'><strong>clementia</strong></span> <span class='ocrx_word' id='word_1_151' title='bbox 813 2692 1100 2784; x_wconf 81' lang='lat' dir='ltr'><strong>confisi3</strong></span> <span class='ocrx_word' id='word_1_152' title='bbox 1160 2715 1380 2786; x_wconf 88' lang='lat' dir='ltr'><strong>quam</strong></span> <span class='ocrx_word' id='word_1_153' title='bbox 1416 2715 1588 2762; x_wconf 91' lang='lat' dir='ltr'><strong>sane</strong></span> <span class='ocrx_word' id='word_1_154' title='bbox 1624 2706 1771 2763; x_wconf 87' lang='lat' dir='ltr'><strong>tam</strong></span> <span class='ocrx_word' id='word_1_155' title='bbox 1816 2693 2133 2790; x_wconf 84' lang='lat' dir='ltr'><strong>amplam</strong></span> <span class='ocrx_word' id='word_1_156' title='bbox 2158 2748 2177 2785; x_wconf 90' lang='lat'>‚</span> <span class='ocrx_word' id='word_1_157' title='bbox 2247 2708 2395 2764; x_wconf 89' lang='lat' dir='ltr'><strong>tam</strong></span> <span class='ocrx_word' id='word_1_158' title='bbox 2443 2718 2556 2764; x_wconf 84' lang='lat' dir='ltr'><strong>ex·</strong></span> 
     </span>
     <span class='ocr_line' id='line_1_23' title="bbox 403 2807 2555 2908; baseline 0 -29"><span class='ocrx_word' id='word_1_159' title='bbox 403 2835 720 2908; x_wconf 88' lang='lat' dir='ltr'><strong>pressam</strong></span> <span class='ocrx_word' id='word_1_160' title='bbox 747 2864 766 2901; x_wconf 89' lang='lat'>‚</span> <span class='ocrx_word' id='word_1_161' title='bbox 806 2824 954 2880; x_wconf 88' lang='lat' dir='ltr'><strong>tam</strong></span> <span class='ocrx_word' id='word_1_162' title='bbox 988 2809 1257 2902; x_wconf 85' lang='lat' dir='ltr'><strong>largam</strong></span> <span class='ocrx_word' id='word_1_163' title='bbox 1288 2822 1503 2904; x_wconf 89' lang='lat' dir='ltr'><strong>atque</strong></span> <span class='ocrx_word' id='word_1_164' title='bbox 1542 2808 1947 2901; x_wconf 86' lang='lat' dir='ltr'><strong>generalem</strong></span> <span class='ocrx_word' id='word_1_165' title='bbox 1980 2807 2298 2880; x_wconf 86' lang='lat' dir='ltr'><strong>edixerat</strong></span> <span class='ocrx_word' id='word_1_166' title='bbox 2338 2824 2408 2880; x_wconf 91' lang='lat' dir='ltr'><strong>et</strong></span> <span class='ocrx_word' id='word_1_167' title='bbox 2440 2835 2555 2880; x_wconf 82' lang='lat' dir='ltr'><strong>so·</strong></span> 
     </span>
     <span class='ocr_line' id='line_1_24' title="bbox 401 2923 2551 3021; baseline -0 -24"><span class='ocrx_word' id='word_1_168' title='bbox 401 2927 734 2997; x_wconf 89' lang='lat' dir='ltr'><strong>lemniter</strong></span> <span class='ocrx_word' id='word_1_169' title='bbox 763 2923 1114 3021; x_wconf 87' lang='lat' dir='ltr'><strong>publicari</strong></span> <span class='ocrx_word' id='word_1_170' title='bbox 1152 2923 1420 3021; x_wconf 87' lang='lat' dir='ltr'><strong>ubique</strong></span> <span class='ocrx_word' id='word_1_171' title='bbox 1462 2950 1590 3020; x_wconf 91' lang='lat' dir='ltr'><strong>per</strong></span> <span class='ocrx_word' id='word_1_172' title='bbox 1633 2938 1865 2994; x_wconf 86' lang='lat' dir='ltr'><strong>totum</strong></span> <span class='ocrx_word' id='word_1_173' title='bbox 1907 2948 2209 3019; x_wconf 90' lang='lat' dir='ltr'><strong>regnum</strong></span> <span class='ocrx_word' id='word_1_174' title='bbox 2249 2925 2508 2996; x_wconf 83' lang='lat' dir='ltr'><strong>fecerat</strong></span> <span class='ocrx_word' id='word_1_175' title='bbox 2532 2979 2551 3014; x_wconf 88' lang='lat'>‚</span> 
     </span>
     <span class='ocr_line' id='line_1_25' title="bbox 405 3039 2560 3139; baseline -0.001 -25"><span class='ocrx_word' id='word_1_176' title='bbox 405 3057 486 3114; x_wconf 87' lang='lat' dir='ltr'><strong>ut</strong></span> <span class='ocrx_word' id='word_1_177' title='bbox 509 3042 825 3139; x_wconf 88' lang='lat' dir='ltr'><strong>ancipitii</strong></span> <span class='ocrx_word' id='word_1_178' title='bbox 847 3041 955 3110; x_wconf 86' lang='lat' dir='ltr'><strong>vel</strong></span> <span class='ocrx_word' id='word_1_179' title='bbox 974 3039 1388 3111; x_wconf 67' lang='lat' dir='ltr'><strong>diffidentiae</strong></span> <span class='ocrx_word' id='word_1_180' title='bbox 1405 3065 1526 3110; x_wconf 88' lang='lat' dir='ltr'><strong>seu</strong></span> <span class='ocrx_word' id='word_1_181' title='bbox 1557 3040 1928 3111; x_wconf 63' lang='lat' dir='ltr'><strong>haesitandi</strong></span> <span class='ocrx_word' id='word_1_182' title='bbox 1951 3041 2249 3129; x_wconf 85' lang='lat' dir='ltr'><strong>nemini,</strong></span> <span class='ocrx_word' id='word_1_183' title='bbox 2282 3044 2560 3137; x_wconf 88' lang='lat' dir='ltr'><strong>quomi-</strong></span> 
     </span>
     <span class='ocr_line' id='line_1_26' title="bbox 406 3156 2559 3250; baseline -0.001 -20"><span class='ocrx_word' id='word_1_184' title='bbox 406 3185 544 3230; x_wconf 90' lang='lat' dir='ltr'><strong>nus</strong></span> <span class='ocrx_word' id='word_1_185' title='bbox 572 3159 662 3230; x_wconf 91' lang='lat' dir='ltr'><strong>ad</strong></span> <span class='ocrx_word' id='word_1_186' title='bbox 685 3182 842 3228; x_wconf 87' lang='lat' dir='ltr'><strong>eam</strong></span> <span class='ocrx_word' id='word_1_187' title='bbox 869 3156 1317 3227; x_wconf 79' lang='lat' dir='ltr'><strong>confidenter</strong></span> <span class='ocrx_word' id='word_1_188' title='bbox 1344 3157 1783 3250; x_wconf 78' lang='lat' dir='ltr'><strong>confugeret,</strong></span> <span class='ocrx_word' id='word_1_189' title='bbox 1808 3157 2012 3226; x_wconf 88' lang='lat' dir='ltr'><strong>locus</strong></span> <span class='ocrx_word' id='word_1_190' title='bbox 2041 3158 2324 3228; x_wconf 88' lang='lat' dir='ltr'><strong>relictus</strong></span> <span class='ocrx_word' id='word_1_191' title='bbox 2350 3158 2559 3228; x_wconf 84' lang='lat' dir='ltr'><strong>fuisse</strong></span> 
     </span>
     <span class='ocr_line' id='line_1_27' title="bbox 408 3271 2553 3369; baseline -0.002 -24"><span class='ocrx_word' id='word_1_192' title='bbox 408 3274 799 3346; x_wconf 85' lang='lat' dir='ltr'><strong>videretur.</strong></span> <span class='ocrx_word' id='word_1_193' title='bbox 835 3271 1042 3344; x_wconf 88' lang='lat' dir='ltr'><strong>Unde</strong></span> <span class='ocrx_word' id='word_1_194' title='bbox 1069 3273 1435 3342; x_wconf 87' lang='lat' dir='ltr'><strong>humiliter</strong></span> <span class='ocrx_word' id='word_1_195' title='bbox 1473 3272 1703 3342; x_wconf 84' lang='lat' dir='ltr'><strong>solum</strong></span> <span class='ocrx_word' id='word_1_196' title='bbox 1736 3271 1911 3342; x_wconf 91' lang='lat' dir='ltr'><strong>illud</strong></span> <span class='ocrx_word' id='word_1_197' title='bbox 1947 3272 2553 3369; x_wconf 74' lang='lat' dir='ltr'><strong>supplicabamuS,</strong></span> 
     </span>
     <span class='ocr_line' id='line_1_28' title="bbox 413 3389 2561 3487; baseline -0.002 -23"><span class='ocrx_word' id='word_1_198' title='bbox 413 3408 491 3464; x_wconf 91' lang='lat' dir='ltr'><strong>ut</strong></span> <span class='ocrx_word' id='word_1_199' title='bbox 535 3392 790 3462; x_wconf 90' lang='lat' dir='ltr'><strong>eadem</strong></span> <span class='ocrx_word' id='word_1_200' title='bbox 829 3391 1271 3484; x_wconf 82' lang='lat' dir='ltr'><strong>indulgentia</strong></span> <span class='ocrx_word' id='word_1_201' title='bbox 1315 3390 1530 3486; x_wconf 87' lang='lat' dir='ltr'><strong>potiri</strong></span> <span class='ocrx_word' id='word_1_202' title='bbox 1567 3389 1755 3481; x_wconf 77' lang='lat' dir='ltr'><strong>regia</strong></span> <span class='ocrx_word' id='word_1_203' title='bbox 1789 3389 2167 3460; x_wconf 84' lang='lat' dir='ltr'><strong>clementia</strong></span> <span class='ocrx_word' id='word_1_204' title='bbox 2208 3415 2340 3460; x_wconf 87' lang='lat' dir='ltr'><strong>nos</strong></span> <span class='ocrx_word' id='word_1_205' title='bbox 2383 3416 2561 3487; x_wconf 86' lang='lat' dir='ltr'><strong>per-</strong></span> 
     </span>
     <span class='ocr_line' id='line_1_29' title="bbox 411 3507 2559 3602; baseline -0.002 -20"><span class='ocrx_word' id='word_1_206' title='bbox 411 3511 690 3582; x_wconf 85' lang='lat' dir='ltr'><strong>mittere</strong></span> <span class='ocrx_word' id='word_1_207' title='bbox 726 3509 1162 3602; x_wconf 84' lang='lat' dir='ltr'><strong>dignaretur,</strong></span> <span class='ocrx_word' id='word_1_208' title='bbox 1201 3522 1271 3577; x_wconf 91' lang='lat' dir='ltr'><strong>et</strong></span> <span class='ocrx_word' id='word_1_209' title='bbox 1309 3508 1612 3577; x_wconf 85' lang='lat' dir='ltr'><strong>tolerare</strong></span> <span class='ocrx_word' id='word_1_210' title='bbox 1649 3532 1783 3576; x_wconf 84' lang='lat' dir='ltr'><strong>nos</strong></span> <span class='ocrx_word' id='word_1_211' title='bbox 1819 3507 2196 3601; x_wconf 86' lang='lat' dir='ltr'><strong>tranquille</strong></span> <span class='ocrx_word' id='word_1_212' title='bbox 2230 3520 2299 3576; x_wconf 91' lang='lat' dir='ltr'><strong>et</strong></span> <span class='ocrx_word' id='word_1_213' title='bbox 2324 3508 2559 3602; x_wconf 87' lang='lat' dir='ltr'><strong>quiete</strong></span> 
     </span>
     <span class='ocr_line' id='line_1_30' title="bbox 410 3622 2563 3717; baseline -0.002 -20"><span class='ocrx_word' id='word_1_214' title='bbox 410 3630 486 3697; x_wconf 92' lang='lat' dir='ltr'><strong>in</strong></span> <span class='ocrx_word' id='word_1_215' title='bbox 526 3625 821 3696; x_wconf 86' lang='lat' dir='ltr'><strong>ecclesia</strong></span> <span class='ocrx_word' id='word_1_216' title='bbox 858 3638 1099 3694; x_wconf 81' lang='lat' dir='ltr'><strong>nostra</strong></span> <span class='ocrx_word' id='word_1_217' title='bbox 1133 3622 1442 3699; x_wconf 84' lang='lat' dir='ltr'><strong>residere</strong></span> <span class='ocrx_word' id='word_1_218' title='bbox 1466 3677 1484 3706; x_wconf 88' lang='lat'>‚</span> <span class='ocrx_word' id='word_1_219' title='bbox 1524 3639 1737 3717; x_wconf 90' lang='lat' dir='ltr'><strong>atque</strong></span> <span class='ocrx_word' id='word_1_220' title='bbox 1788 3623 2020 3693; x_wconf 87' lang='lat' dir='ltr'><strong>eidem</strong></span> <span class='ocrx_word' id='word_1_221' title='bbox 2054 3623 2124 3693; x_wconf 88' lang='lat' dir='ltr'><strong>in</strong></span> <span class='ocrx_word' id='word_1_222' title='bbox 2164 3623 2421 3693; x_wconf 90' lang='lat' dir='ltr'><strong>Christi</strong></span> <span class='ocrx_word' id='word_1_223' title='bbox 2458 3622 2563 3692; x_wconf 85' lang='lat' dir='ltr'><strong>fa-</strong></span> 
     </span>
     <span class='ocr_line' id='line_1_31' title="bbox 413 3738 2337 3838; baseline -0.002 -25"><span class='ocrx_word' id='word_1_224' title='bbox 413 3741 687 3813; x_wconf 86' lang='lat' dir='ltr'><strong>mulatu</strong></span> <span class='ocrx_word' id='word_1_225' title='bbox 717 3742 915 3838; x_wconf 81' lang='lat' dir='ltr'><strong>juxta</strong></span> <span class='ocrx_word' id='word_1_226' title='bbox 950 3741 1346 3812; x_wconf 79' lang='lat' dir='ltr'><strong>vocationis</strong></span> <span class='ocrx_word' id='word_1_227' title='bbox 1383 3754 1638 3809; x_wconf 71' lang='lat' dir='ltr'><strong>nostra·</strong></span> <span class='ocrx_word' id='word_1_228' title='bbox 1683 3738 2008 3809; x_wconf 86' lang='lat' dir='ltr'><strong>debitum</strong></span> <span class='ocrx_word' id='word_1_229' title='bbox 2050 3740 2337 3810; x_wconf 85' lang='lat' dir='ltr'><strong>servire.</strong></span> 
     </span>
    </p>
   </div>
   <div class='ocr_carea' id='block_1_5' title="bbox 415 3937 2565 4121">
    <p class='ocr_par' dir='ltr' id='par_1_5' title="bbox 415 3937 2565 4121">
     <span class='ocr_line' id='line_1_32' title="bbox 496 3937 2562 4021; baseline -0.001 -18"><span class='ocrx_word' id='word_1_230' title='bbox 496 3949 556 4003; x_wconf 86' lang='lat'><strong>1.</strong></span> <span class='ocrx_word' id='word_1_231' title='bbox 603 3948 846 4004; x_wconf 75' lang='lat' dir='ltr'><strong>Nonum}</strong></span> <span class='ocrx_word' id='word_1_232' title='bbox 877 3947 1099 4021; x_wconf 48' lang='lat' dir='ltr'><strong>(Neque</strong></span> <span class='ocrx_word' id='word_1_233' title='bbox 1129 3937 1420 4001; x_wconf 71' lang='lat' dir='ltr'><strong>d&#39;Evreux·</strong></span> <span class='ocrx_word' id='word_1_234' title='bbox 1453 3943 1503 3999; x_wconf 81' lang='lat' dir='ltr'><strong>lc</strong></span> <span class='ocrx_word' id='word_1_235' title='bbox 1534 3946 1566 3999; x_wconf 70' lang='lat'><strong>4</strong></span> <span class='ocrx_word' id='word_1_236' title='bbox 1603 3943 1815 3998; x_wconf 72' lang='lat' dir='ltr'><strong>sevrier</strong></span> <span class='ocrx_word' id='word_1_237' title='bbox 1846 3947 2027 4013; x_wconf 68' lang='lat'><strong>1463,</strong></span> <span class='ocrx_word' id='word_1_238' title='bbox 2060 3943 2236 3999; x_wconf 81' lang='lat' dir='ltr'><strong>Balue</strong></span> <span class='ocrx_word' id='word_1_239' title='bbox 2268 3945 2348 4000; x_wconf 85' lang='lat' dir='ltr'><strong>sut</strong></span> <span class='ocrx_word' id='word_1_240' title='bbox 2380 3957 2562 4000; x_wconf 86' lang='lat' dir='ltr'><strong>trans-</strong></span> 
     </span>
     <span class='ocr_line' id='line_1_33' title="bbox 415 4040 2565 4121; baseline -0.002 -20"><span class='ocrx_word' id='word_1_241' title='bbox 415 4046 534 4102; x_wconf 71' lang='grc' dir='ltr'><strong>[ι’-τό</strong></span> <span class='ocrx_word' id='word_1_242' title='bbox 574 4066 646 4101; x_wconf 87' lang='lat' dir='ltr'><strong>an</strong></span> <span class='ocrx_word' id='word_1_243' title='bbox 687 4045 839 4121; x_wconf 66' lang='lat' dir='ltr'><strong>siege</strong></span> <span class='ocrx_word' id='word_1_244' title='bbox 876 4045 1156 4120; x_wconf 68' lang='lat' dir='ltr'><strong>d&#39;Angvrs</strong></span> <span class='ocrx_word' id='word_1_245' title='bbox 1193 4063 1296 4120; x_wconf 84' lang='lat' dir='ltr'><strong>par</strong></span> <span class='ocrx_word' id='word_1_246' title='bbox 1329 4043 1514 4099; x_wconf 72' lang='lat' dir='ltr'><strong>bullos</strong></span> <span class='ocrx_word' id='word_1_247' title='bbox 1544 4042 1620 4097; x_wconf 74' lang='lat' dir='ltr'><strong>(lu</strong></span> <span class='ocrx_word' id='word_1_248' title='bbox 1656 4046 1687 4096; x_wconf 85' lang='lat'><strong>7</strong></span> <span class='ocrx_word' id='word_1_249' title='bbox 1713 4040 1897 4112; x_wconf 80' lang='lat' dir='ltr'><strong>juillet</strong></span> <span class='ocrx_word' id='word_1_250' title='bbox 1935 4047 2114 4100; x_wconf 62' lang='lat'><strong>1467.</strong></span> <span class='ocrx_word' id='word_1_251' title='bbox 2166 4042 2301 4098; x_wconf 85' lang='lat' dir='ltr'><strong>Voir</strong></span> <span class='ocrx_word' id='word_1_252' title='bbox 2340 4062 2406 4098; x_wconf 87' lang='lat' dir='ltr'><strong>ce</strong></span> <span class='ocrx_word' id='word_1_253' title='bbox 2452 4063 2565 4118; x_wconf 76' lang='lat' dir='ltr'><strong>que</strong></span> 
     </span>
    </p>
   </div>
   <div class='ocr_carea' id='block_1_6' title="bbox 417 4137 2559 4308">
    <p class='ocr_par' dir='ltr' id='par_1_6' title="bbox 417 4137 2559 4308">
     <span class='ocr_line' id='line_1_34' title="bbox 417 4137 2559 4211; baseline 0 -15"><span class='ocrx_word' id='word_1_254' title='bbox 417 4141 661 4196; x_wconf 78' lang='lat' dir='ltr'><strong>l‘auteur</strong></span> <span class='ocrx_word' id='word_1_255' title='bbox 701 4159 733 4196; x_wconf 86' lang='lat' dir='ltr'><strong>a</strong></span> <span class='ocrx_word' id='word_1_256' title='bbox 781 4139 907 4211; x_wconf 69' lang='lat' dir='ltr'><strong>deja</strong></span> <span class='ocrx_word' id='word_1_257' title='bbox 953 4138 1031 4195; x_wconf 91' lang='lat' dir='ltr'><strong>dit</strong></span> <span class='ocrx_word' id='word_1_258' title='bbox 1077 4138 1149 4194; x_wconf 94' lang='lat' dir='ltr'><strong>de</strong></span> <span class='ocrx_word' id='word_1_259' title='bbox 1186 4138 1265 4193; x_wconf 88' lang='lat' dir='ltr'><strong>lui</strong></span> <span class='ocrx_word' id='word_1_260' title='bbox 1297 4137 1440 4194; x_wconf 81' lang='lat' dir='ltr'><strong>dans</strong></span> <span class='ocrx_word' id='word_1_261' title='bbox 1477 4156 1580 4192; x_wconf 87' lang='lat' dir='ltr'><strong>son</strong></span> <span class='ocrx_word' id='word_1_262' title='bbox 1620 4139 1866 4192; x_wconf 67' lang='lat' dir='ltr'><strong>Histoire</strong></span> <span class='ocrx_word' id='word_1_263' title='bbox 1897 4139 1970 4192; x_wconf 82' lang='lat' dir='ltr'><strong>de</strong></span> <span class='ocrx_word' id='word_1_264' title='bbox 2008 4139 2179 4193; x_wconf 80' lang='lat' dir='ltr'><strong>Louc&#39;s</strong></span> <span class='ocrx_word' id='word_1_265' title='bbox 2214 4141 2343 4203; x_wconf 86' lang='lat' dir='ltr'><strong>XI,</strong></span> <span class='ocrx_word' id='word_1_266' title='bbox 2396 4151 2434 4196; x_wconf 84' lang='lat' dir='ltr'><strong>t.</strong></span> <span class='ocrx_word' id='word_1_267' title='bbox 2470 4142 2559 4204; x_wconf 88' lang='lat'><strong>11,</strong></span> 
     </span>
     <span class='ocr_line' id='line_1_35' title="bbox 419 4230 1579 4308; baseline -0.001 -22"><span class='ocrx_word' id='word_1_268' title='bbox 419 4253 477 4308; x_wconf 89' lang='lat' dir='ltr'><strong>p.</strong></span> <span class='ocrx_word' id='word_1_269' title='bbox 515 4235 627 4288; x_wconf 73' lang='lat'><strong>187</strong></span> <span class='ocrx_word' id='word_1_270' title='bbox 657 4244 717 4289; x_wconf 90' lang='lat' dir='ltr'><strong>et</strong></span> <span class='ocrx_word' id='word_1_271' title='bbox 744 4235 885 4298; x_wconf 77' lang='lat'><strong>210,</strong></span> <span class='ocrx_word' id='word_1_272' title='bbox 919 4243 973 4288; x_wconf 85' lang='lat' dir='ltr'><strong>et</strong></span> <span class='ocrx_word' id='word_1_273' title='bbox 1003 4230 1312 4299; x_wconf 75' lang='lat' dir='ltr'><strong>ci-dessuS,</strong></span> <span class='ocrx_word' id='word_1_274' title='bbox 1347 4250 1403 4306; x_wconf 84' lang='lat' dir='ltr'><strong>p.</strong></span> <span class='ocrx_word' id='word_1_275' title='bbox 1442 4231 1579 4286; x_wconf 79' lang='lat'><strong>173.</strong></span> 
     </span>
    </p>
   </div>
  </div>
 </body>
</html>
