3400 5417
975 548 1088 606 390
1831 546 2207 605 APOLOGIA
2227 588 2245 617 ‚

971 676 1368 750 anchoram
1407 676 1483 748 in
1522 672 1863 747 omnibus
1901 674 2116 772 hujus
2147 674 2386 747 saeculi
2429 672 2766 749 fluctibus
2804 695 2894 749 ac
2936 700 3101 775 pro·

965 794 1243 867 cellosis
1272 790 1811 891 tempestatibus
1833 793 2092 864 retinet
2119 791 2404 865 firmam
2433 806 2652 889 atque
2664 806 2922 886 tutam,
2941 815 3112 865 con·

967 906 1271 981 fidenter
1306 922 1517 1003 atque
1562 905 1955 1003 gaudenter
1995 930 2165 979 cum
2207 905 2426 981 beato
2460 909 2805 1007 Apostolo
2861 906 3103 982 dicat:

972 1054 1007 1094 «
1050 1025 1300 1096 Placeo
1331 1022 1509 1096 mihi
1538 1025 1614 1095 in
1646 1022 2206 1116 infirmitatibus,
2242 1023 2318 1095 in
2361 1022 2839 1117 contumeliis,
2872 1024 2952 1096 in
2989 1043 3112 1097 ne-

967 1138 1434 1228 cessitatibuS,
1489 1139 1565 1210 in
1602 1138 1943 1234 angustiis
1987 1162 2123 1237 pro
2177 1138 2487 1212 Christo.
2527 1142 2714 1212 Cum
2755 1140 2956 1212 enim
2999 1140 3108 1212 in-

968 1258 1245 1350 firmor,
1291 1269 1464 1327 tunc
1514 1269 1771 1353 potens
1821 1280 1982 1326 sum
2003 1308 2022 1345 ‚
2080 1254 2251 1352 quia
2303 1257 2528 1327 virtus
2569 1256 2643 1327 in
2694 1256 3110 1330 infirmitate

968 1373 1354 1473 perficitur.
1403 1402 1438 1439 >³
1487 1372 1629 1459 Qui
1661 1386 1734 1443 et
1769 1372 2028 1443 iterum
2071 1370 2243 1443 alibi
2291 1396 2444 1443 sese
2485 1386 2555 1443 et
2603 1372 2809 1467 alim,
2845 1372 3108 1470 quibus

966 1490 1229 1562 similes
1260 1488 1693 1588 praevidebat
1728 1511 2094 1587 pressuras
2148 1512 2234 1561 ac
2279 1486 2779 1562 tribulationes
2822 1504 3110 1563 eventu·

962 1622 1107 1697 ηε,
1163 1606 1427 1703 pariter
1478 1604 1895 1677 confortans
1947 1618 2019 1675 et
2067 1605 2143 1676 in
2194 1630 2395 1703 spem
2448 1603 2726 1679 bonam
2768 1606 3101 1705 erigens:

972 1750 1009 1785 α
1061 1724 1144 1792 ln
1196 1719 1535 1792 omnibus
1588 1749 1623 1785 2>
1678 1720 1914 1816 inquit
1973 1750 2007 1785 «
2049 1717 2590 1793 tribulationem
2633 1724 2951 1821 patimur
2971 1780 2992 1817 ‚
3037 1738 3108 1796 et

968 1860 1119 1907 non
1156 1836 1681 1931 angustiamur3
1712 1835 2128 1932 aporiamur
2148 1849 2221 1907 et
2241 1858 2392 1906 non
2422 1834 2915 1929 destituimur;
2949 1864 3108 1938 per-

967 1952 1409 2024 secutionem
1454 1951 1793 2049 patimur,
1843 1950 1968 2022 sed
2015 1975 2166 2022 non
2215 1950 2818 2049 derelinquimur;
2873 1954 3107 2029 humi-

967 2067 1252 2159 liamur,
1312 2066 1438 2139 sed
1495 2091 1646 2137 non
1697 2065 2255 2156 confundimur3
2312 2066 2717 2166 dejicimur,
2769 2072 2898 2145 sed
2956 2098 3104 2146 non

968 2184 1284 2283 perimus
1339 2209 1356 2252 z
1414 2205 1695 2281 semper
1755 2181 2384 2256 mortificationem
2443 2188 2609 2257 Jesu
2667 2186 2746 2258 in
2801 2212 3106 2287 corpore

971 2314 1217 2372 nostro
1248 2297 1848 2392 circumferentes,
1881 2313 1963 2370 ut
1990 2312 2063 2369 et
2090 2299 2236 2371 vita
2260 2304 2422 2371 Jesu
2455 2301 2531 2372 in
2569 2302 2915 2377 cordibus
2948 2330 3106 2379 nos·

970 2416 1096 2486 tris
1129 2414 1519 2513 aliquando
1551 2412 2063 2487 manifestetur.
2099 2443 2134 2482 »
2167 2416 2298 2487 Cui
2317 2439 2486 2488 cum
2510 2420 2716 2491 Patre
2744 2435 2819 2493 et
2841 2422 3104 2519 Spiritu

970 2531 1231 2602 Sancto
1278 2545 1382 2602 est
1429 2529 1672 2600 honor
1719 2543 1792 2601 et
1837 2528 2088 2627 gloria,
2143 2543 2456 2628 potestas
2484 2546 2558 2604 et
2599 2532 2988 2635 imperium
3029 2538 3102 2609 in

969 2647 1222 2721 saecula
1254 2646 1699 2720 saeculorum.
1743 2648 1994 2718 Amen.

1656 2989 2173 3059 CAPITULUM
2235 2990 2393 3060 XII.

1306 3180 1372 3232 In
1396 3196 1505 3250 quo
1528 3180 1706 3233 brevis
1729 3179 1972 3253 epilogus
1994 3191 2048 3234 et
2071 3178 2346 3234 conclusio
2370 3179 2534 3234 totius
2555 3179 2751 3253 operia.

1060 3350 1224 3417 Haec
1289 3369 1551 3444 pauca,
1630 3345 2082 3418 dilectissime
2149 3347 2388 3438 frater,
2461 3372 2545 3417 ex
2614 3348 3098 3446 copiosissima

961 3466 1472 3563 scripturarum
1508 3489 1755 3537 mensa
1786 3465 1879 3536 ad
1919 3489 2225 3563 praesens
2257 3464 2683 3562 excerpsisse
2715 3464 3094 3559 suffecerit,

964 3609 1054 3656 ne
1110 3598 1357 3655 nostro
1401 3584 1638 3655 minus
1689 3582 1886 3653 culto
1937 3597 2008 3653 et
2066 3582 2395 3681 impolito
2445 3604 2776 3653 sermone
2828 3584 3098 3654 caritati

962 3713 1205 3771 vestrae
1241 3698 1599 3770 fastidium
1644 3713 2042 3795 generetur.
2086 3700 2228 3786 Qui
2277 3698 2554 3770 etiamsi
2604 3696 2841 3769 forsan
2887 3698 3097 3770 nimis

963 3817 1036 3887 in
1083 3817 1381 3911 longum
1429 3816 1812 3907 effluxerit,
1867 3815 2021 3889 dari
2056 3817 2339 3888 veniam
2387 3816 2730 3914 petimuS,
2771 3816 2896 3911 qui
2947 3842 3092 3889 non

962 3931 1267 4002 docendi
1311 3957 1439 4002 vos
1472 3932 1739 4023 studi0‚
1785 3945 2028 4004 nostra
2066 3932 2160 4003 ad
2197 3932 2342 4003 hoc
2374 3956 2512 4030 ope
2561 3932 2857 4004 minime
2900 3931 3096 4003 indi-

962 4064 1244 4144 gentem
1267 4106 1284 4141 ,
1335 4050 1459 4119 sed
1512 4049 1849 4147 praeclara
1894 4050 2296 4122 eruditione
2357 4064 2590 4122 vestra
2654 4049 2834 4121 alios
2882 4049 3092 4120 etiam

962 4165 1222 4235 utiliter
1276 4165 1534 4236 docere
1587 4182 1800 4261 atque
1849 4167 2194 4239 instruere
2245 4176 2639 4264 potentem,
2691 4162 3096 4262 dispendio·

960 4306 1119 4349 sum
1169 4281 1400 4351 forsan
1440 4294 1505 4351 et
1548 4280 1904 4376 prolixum
1956 4281 2278 4354 libellum
2325 4280 2901 4378 conscripsimus.
2958 4280 3091 4350 Sed
