3400 5417
1061 546 1171 601 102
1598 547 2113 603 HISTORIARUM
2155 547 2508 604 LUDovlcl
2553 549 2636 603 XI

1055 676 1292 749 nullus
1330 693 1481 750 erat
1512 678 1622 748 vel
1659 701 1862 748 rarus
1886 732 1906 768 ‚
1936 676 2064 772 qui
2097 675 2191 748 ab
2225 676 2328 747 eis
2358 677 2471 748 vel
2499 702 2754 777 operas
2789 694 3154 777 expeteret,

1053 793 1165 864 vel
1206 792 1599 867 artificata¹
1650 805 2102 890 compararet
2126 849 2144 885 ‚
2191 816 2452 890 magna
2499 793 2746 892 inopia
2787 794 3160 892 pariterque

1054 910 1295 982 inedia
1338 910 1544 982 famis
1573 909 2109 1009 premebantur.

1151 1030 1346 1113 Quas
1406 1026 1642 1098 clades
1687 1027 1904 1097 etiam
1951 1024 2267 1124 plurium
2325 1050 2520 1096 mors
2569 1038 2786 1121 atque
2827 1026 3154 1116 interitus»,

1053 1159 1207 1215 tum
1232 1168 1316 1215 ex
1346 1144 1677 1215 moestitia
1711 1159 1781 1215 et
1820 1144 2019 1214 luctu
2039 1198 2058 1237 ‚
2091 1158 2245 1213 tum
2268 1142 2478 1214 variis
2505 1166 2591 1213 ex
2621 1142 3154 1237 aegritudinibus,

1052 1283 1229 1357 quas
1282 1260 1501 1331 fames
1547 1274 1617 1331 et
1669 1260 1970 1356 penuria
2019 1259 2432 1330 victualium
2476 1257 3005 1356 parturiebant,
3038 1260 3159 1355 qui·

1052 1376 1188 1447 bus
1224 1390 1517 1474 perante
1576 1375 2012 1447 sufficienter
2052 1375 2241 1446 vesci
2292 1375 2478 1446 soliti
2532 1390 2770 1466 erent,
2821 1399 2865 1446 e
2899 1376 3157 1470 vestigio

1053 1507 1218 1563 sunt
1250 1493 1611 1563 consecuti
1644 1520 1661 1579 ;
1701 1493 1774 1561 in
1811 1506 2231 1588 tantumque
2269 1506 2375 1562 est
2403 1493 2749 1564 adauctus
2782 1492 3158 1591 mendican-

1054 1612 1230 1680 tium
1263 1634 1604 1679 numerus
1647 1608 2026 1703 cujuslibet
2061 1610 2280 1679 aetatis
2307 1622 2520 1705 atque
2557 1632 2800 1701 sexuS,
2841 1624 2928 1679 ut
2959 1610 3041 1680 de
3080 1610 3156 1706 ip-

1053 1726 1145 1795 sis
1190 1749 1319 1821 per
1354 1738 1576 1795 totam
1616 1748 1819 1821 paene
1859 1724 2220 1795 civitatem
2263 1724 2510 1821 plateae
2538 1724 3008 1821 replerentur.
3045 1726 3154 1811 Qui

1054 1842 1321 1912 nedum
1365 1866 1451 1911 ex
1489 1841 1770 1912 civitate
1808 1857 2055 1930 erant3
2094 1841 2219 1912 sed
2255 1842 2469 1913 etiam
2496 1866 2583 1912 ex
2617 1842 2872 1913 vicinis
2910 1841 3080 1913 villis
3106 1857 3154 1912 et
3176 1843 3194 1867 ⁰

1055 1957 1241 2051 agris
1308 1956 1432 2027 ubi
1487 1958 1773 2028 enutriti
1843 1957 2165 2046 fuerant,
2219 1957 2547 2053 adigente
2595 1959 3043 2049 necessitate,
3087 1958 3154 2027 ad

1054 2073 1412 2144 civitatem
1457 2099 1589 2170 pro
1638 2075 1828 2144 victu
1877 2077 2276 2146 necessario
2332 2074 2466 2146 sibi
2506 2075 2974 2171 procurando
3021 2098 3156 2145 con·

1057 2190 1398 2285 fugerant.
1460 2196 1767 2288 Eratque
1819 2193 2153 2262 miserum
2190 2206 2261 2261 et
2292 2191 2748 2263 lamentabile
2781 2192 3024 2263 videre
3053 2193 3153 2260 im·

1051 2306 1320 2402 pletum
1350 2307 1423 2375 in
1453 2306 1595 2377 hoc
1620 2305 1894 2403 populo
1920 2306 2116 2402 quod
2146 2308 2219 2377 in
2249 2306 2543 2377 Threnis
2560 2363 2579 2398 ,
2605 2331 2733 2403 per
2763 2306 3152 2404 prophetam

1053 2422 1463 2514 Jeremiam,
1544 2421 1634 2491 de
1718 2421 2166 2517 lei-osolymis
2231 2421 2513 2517 lugubri
2571 2422 2891 2493 carmine
2953 2437 3154 2493 canta-

1054 2552 1206 2606 tum
1271 2535 1435 2628 fuit,
1494 2537 1689 2631 quod
1713 2594 1732 2628 ,
1789 2568 1822 2602 α
1880 2538 2000 2633 qui
2057 2539 2253 2634 prius
2310 2536 2809 2609 nutriebantur
2879 2538 3148 2619 croceis,

1053 2656 1430 2751 amplexati
1478 2670 1642 2725 sunt
1694 2670 2031 2726 stercora.
2091 2685 2124 2721 »
2187 2660 2614 2750 Perurgente
2649 2655 2846 2726 enim
2895 2654 3149 2753 penuria

1057 2769 1399 2864 famisque
1460 2769 1734 2856 inedia,
1793 2768 2142 2840 vilissimis
2207 2786 2279 2839 et
2332 2786 2496 2841 ante
2550 2795 2847 2866 prorsus
2903 2770 3152 2841 insuetis

1054 2883 1231 2953 cibis
1256 2885 1574 2980 plerique
1604 2883 2164 2956 mendicantium
2193 2886 2686 2957 vescebantur.
2725 2890 2812 2956 Et
2845 2884 3152 2985 supet-his

1053 3002 1343 3096 quidem
1401 3002 2022 3098 compatiebantur
2062 3019 2132 3073 et
2189 3005 2714 3098 congemebant
2763 3006 3008 3095 multi;
3055 3002 3147 3073 sed

1053 3117 1520 3189 subveniebat
1552 3120 1808 3189 nullus.
1844 3124 2020 3191 Nam
2052 3122 2173 3215 qui
2199 3121 2344 3191 hoc
2371 3122 2500 3191 soli
2532 3121 2966 3219 potuissent,
2995 3144 3152 3191 aver·

1055 3260 1169 3305 sos
1204 3262 1491 3332 prorsus
1523 3236 1890 3308 habebant
1923 3262 1962 3307 a
1997 3239 2573 3309 reconciliatione
2603 3253 2669 3308 et
2705 3260 2886 3335 pace
2915 3237 3152 3309 animos

1054 3351 1467 3423 obduratos.
1552 3354 1755 3423 Unde
1809 3369 1877 3422 et
1948 3352 2325 3424 adversum
2389 3356 2741 3425 civitatem
2801 3369 2877 3425 et
2933 3355 3000 3425 in
3056 3375 3152 3420 eos

1054 3470 1299 3538 odium
1334 3470 1641 3566 plurium
1676 3470 1930 3539 animis
1967 3472 2445 3541 cumularunt.

1134 3696 1187 3746 1.
1239 3690 1440 3746 Matth.
1474 3691 1825 3763 artificialia.
