3400 5417
1077 562 1292 619 LIBER
1335 560 1638 619 SEXTUS.
2382 564 2414 619 5

280 693 556 764 arcium
588 694 942 792 capitanei
981 707 1053 765 et
1093 692 1421 763 custodes
1477 692 1758 765 fuerant
1779 748 1797 784 ,
1858 694 1930 763 in
1978 707 2212 791 partes
2258 719 2419 768 suas

279 811 565 908 pellexit
590 826 661 883 et
693 812 998 884 attraxit.

379 932 731 1003 Omnium
782 933 1017 1025 enim,
1074 958 1256 1029 quos
1299 946 1618 1032 poterat,
1661 932 1943 1003 animos
2003 931 2111 1002 vel
2166 956 2417 1004 mune-

281 1046 480 1119 ribus
507 1046 730 1138 datis,
782 1048 894 1120 vel
931 1050 1360 1147 pensionum
1406 1073 1530 1119 seu
1571 1048 1937 1119 honorum
1970 1047 2418 1146 pollicitatio-

283 1162 500 1233 nibus
533 1162 1018 1261 pertentabat3
1050 1166 1147 1237 ita
1171 1180 1275 1256 ut,
1305 1163 1506 1235 brevi
1541 1164 1884 1262 temporis
1915 1188 2144 1256 mora,
2168 1188 2419 1237 omnes

279 1279 722 1351 munitiones
750 1278 841 1351 de
875 1280 1332 1352 comitatibus
1369 1280 1646 1349 Pontivi
1680 1294 1751 1349 et
1781 1280 2083 1371 Artesiae,
2112 1278 2419 1377 demptis

279 1396 555 1493 pauci5‚
619 1420 762 1467 suae
819 1396 1215 1468 affectionis
1276 1411 1344 1465 et
1403 1395 1698 1467 ditionis
1745 1394 2077 1465 effecerit.
2148 1398 2418 1493 Sponte

279 1512 548 1609 quippe
613 1510 1055 1584 deditionem
1119 1512 1436 1582 fecerunt
1495 1511 1705 1607 plura
1767 1510 2045 1581 illarum
2107 1512 2418 1608 partium

277 1627 549 1724 oppida
575 1682 596 1717 ‚
663 1641 745 1697 ut
807 1626 1294 1719 Abbatisvilla,
1361 1626 1900 1697 Monsterolium
1923 1682 1941 1718 ,
2017 1624 2373 1697 Hesdc'nclz
2393 1684 2412 1718 ‚

277 1746 599 1832 Perona,
637 1740 983 1814 Bethunia
1002 1757 1073 1813 et
1105 1744 1441 1829 Bolonia‚
1482 1742 1705 1813 etalia
1730 1742 1891 1813 loca
1922 1743 2409 1839 quamplura¹.

277 1861 490 1930 Initio
515 1861 712 1931 enim
744 1885 862 1931 rex
913 1885 1061 1931 non
1101 1886 1201 1952 se,
1241 1861 1435 1931 velut
1463 1858 1782 1950 hostem,
1825 1860 2099 1930 venisse
2134 1859 2224 1930 ad
2264 1859 2410 1929 hu-

265 1976 590 2070 jusmodi
625 1990 843 2048 terras
877 1976 1336 2074 occupandas
1366 1972 1689 2063 dicebat3
1731 1974 1853 2045 sed
1905 2000 2050 2065 eas,
2090 1990 2169 2045 ut
2224 1990 2413 2046 tuto-

275 2117 430 2163 rem
459 2094 853 2187 legitjmum
887 2092 1118 2163 filiolae
1168 2117 1345 2181 suae,
1409 2107 1481 2162 et
1520 2091 1612 2161 ad
1647 2092 1755 2160 sui
1802 2092 2416 2162 conservationem

272 2232 364 2279 ac
419 2207 907 2283 defensionem
955 2208 1169 2302 juriS,
1222 2207 1356 2278 sub
1397 2231 1526 2277 sua
1574 2230 1796 2275 manu
1847 2220 1917 2274 et
1972 2206 2413 2299 protectione

277 2328 606 2420 ponere’.
649 2327 813 2395 Erat
846 2325 1113 2421 quippe
1148 2323 1366 2420 ipsius
1397 2322 1869 2418 principissae‚
1920 2320 2146 2390 unicae
2179 2322 2413 2393 Caroli

274 2438 478 2509 ducis
512 2438 667 2511 filiae
688 2494 708 2529 ‚
771 2439 1149 2537 spiritualis
1197 2440 1270 2509 in
1321 2463 1521 2509 sacro
1565 2437 1991 2535 baptismate
2034 2450 2235 2532 pater
2289 2461 2415 2507 seu

273 2557 635 2652 patrinus,
695 2579 997 2652 eamque
1053 2554 1142 2625 de
1204 2579 1404 2625 sacro
1473 2555 1666 2626 fonte
1725 2555 2083 2625 levaverat
2102 2556 2145 2622 ⁸.
2210 2552 2413 2625 Unde

271 2696 359 2741 ex
425 2670 569 2742 hoc
621 2671 1095 2768 plurimorum
1159 2669 1248 2740 de
1311 2669 1444 2740 illis
1504 2670 1705 2740 terris
1764 2669 2082 2759 animos,
2151 2668 2274 2764 qui
2325 2694 2411 2740 ex

275 2784 419 2855 fide
475 2786 712 2881 potius
760 2809 977 2880 quam
1019 2785 1220 2855 aliter
1272 2800 1529 2855 cuncta
1572 2785 1684 2877 agi
1734 2781 2267 2873 existimabant,
2319 2785 2411 2855 ad

272 2898 410 2970 sibi
462 2899 861 2997 parendum
903 2897 1280 2970 alliciebat.
1328 2904 1493 2970 Erat
1543 2900 1864 2997 profecto
1906 2898 2139 2968 eidem
2179 2899 2410 2972 filiolae

275 3039 418 3085 suae
477 3016 1087 3111 consanguinitate
1132 3017 1618 3113 propinqum,
1656 3038 2072 3111 quanquam
2116 3014 2233 3084 alii
2288 3041 2407 3086 su-

271 3149 678 3230 peressent,
757 3132 880 3228 qui
955 3131 1179 3226 gradu
1262 3132 1778 3229 propinquiore
1852 3129 2083 3200 eidem
2152 3130 2405 3227 junge-

273 3264 544 3319 rentur.

378 3370 474 3436 Ex
524 3365 794 3463 duplici
842 3366 1078 3462 itaque
1131 3364 1358 3461 capite
1386 3421 1403 3453 ,
1462 3378 1810 3434 terrarum
1856 3386 2144 3432 suarum
2193 3376 2403 3457 atque

267 3481 591 3576 ejusdem
633 3479 1175 3573 consanguineae
1229 3504 1369 3548 suae
1413 3479 1703 3549 tutelam
1759 3493 1828 3549 et
1872 3478 2215 3571 gardiam‚
2263 3505 2405 3576 prae

268 3597 577 3687 caeteri5‚
619 3594 886 3666 habere
938 3620 1011 3666 se
1053 3594 1316 3664 debere
1369 3594 1806 3665 affirmabat:
1866 3596 2034 3688 quia
2081 3594 2405 3665 videlicet

265 3713 424 3805 ejus
471 3712 919 3809 propinquus
967 3710 1572 3804 consanguineus,
1634 3724 1739 3801 et,
1795 3734 1959 3779 cum
2009 3711 2220 3805 longe
2262 3736 2402 3781 cae-

267 3828 438 3897 teris
475 3841 648 3896 esset
685 3826 1045 3922 potentior
1091 3824 1182 3896 ad
1218 3840 1436 3895 terras
1477 3849 1559 3895 ac
1597 3824 1919 3895 dominia
1954 3826 2104 3920 ejus
2142 3827 2403 3897 tuenda

264 3958 334 4014 et
388 3941 875 4031 defendenda,
941 3940 1032 4011 ad
1083 3941 1493 4035 hujusmodi
1555 3941 1787 4011 tutelae
1834 3967 2095 4010 munus
2151 3947 2401 4012 merito

352 4120 380 4173 1
399 4159 411 4170 .
453 4112 864 4172 Janvier-avril
893 4116 1071 4171 1477.

347 4211 407 4271 2.
453 4207 708 4266 Pom-bat
736 4206 876 4263 dans
905 4206 956 4262 le
987 4226 1091 4263 mS.

351 4306 405 4361 3.
453 4304 575 4361 Eue
604 4301 744 4358 etait
769 4300 876 4356 nee
904 4300 1159 4375 pendant
1187 4320 1290 4356 son
1320 4302 1432 4357 exil
1462 4322 1532 4359 en
1564 4300 1833 4359 Brabant.
