3400 5417
978 476 1056 537 24
1523 477 2035 535 ms'romARUM
2076 475 2432 535 LUDovlcl
2470 478 2559 535 xl

973 613 1108 683 tuit
1140 612 1355 684 etiam
1409 609 1640 680 dictus
1675 609 2014 681 dominus
2038 608 2129 681 de
2170 615 2433 696 Craon,
2475 612 2658 681 inter
2692 610 2913 683 duces
2972 612 3099 683 mi·

972 728 1136 799 litiae
1199 715 1384 822 regis
1460 726 1896 823 principalis,
1970 724 2345 797 obsidione
2418 726 2682 798 vallare
2748 728 3095 826 oppidum

972 843 1344 932 Dolense²‚
1381 855 1500 933 ut,
1546 865 1635 912 eo
1681 842 2113 937 conquisito,
2178 841 2660 915 Bisuntionem
2701 856 2771 912 et
2806 858 3091 933 caetera,

971 984 1128 1055 quae
1151 957 1244 1029 de
1270 958 1499 1055 patria
1527 956 1890 1029 restabant
1910 1011 1929 1046 ,
1992 957 2261 1028 facilius
2288 955 2424 1027 sibi
2449 956 2795 1052 subjicere
2828 974 3090 1057 posset.

972 1078 1194 1145 Porro
1225 1097 1424 1165 cum,
1463 1073 1709 1144 castris
1732 1073 1924 1145 circa
1947 1071 2137 1143 idem
2166 1070 2514 1169 oppidum
2549 1073 2823 1169 positis,
2856 1073 2931 1143 in
2948 1075 3099 1171 qui-

969 1187 1109 1259 bus
1143 1190 1302 1285 plus
1332 1210 1551 1284 quam
1585 1211 1678 1258 ιιι
1711 1188 1931 1257 millia
1963 1187 2391 1258 bellatorum
2423 1185 2614 1257 idem
2647 1186 2987 1260 dominus
3010 1188 3098 1259 de

974 1307 1212 1373 Craon
1243 1326 1651 1398 aggregasse
1679 1300 2063 1390 ferebatur,
2106 1300 2488 1399 oppidani²
2524 1302 2715 1397 gravi
2750 1304 3098 1373 constrin-

967 1433 1299 1515 gerentur
1347 1417 1623 1507 inedia‚
1663 1442 1753 1489 eo
1809 1416 2007 1513 quod
2041 1418 2428 1488 multarum
2486 1441 2724 1487 rerum
2781 1417 3098 1489 humano

965 1534 1125 1605 usui
1157 1534 1712 1604 necessariarum
1744 1533 2118 1630 penuriam
2143 1546 2577 1629 paterentur,
2616 1534 3097 1604 necessitatem

967 1672 1171 1719 suam
1189 1647 1480 1747 praefato
1497 1648 1796 1719 domino
1815 1647 1903 1717 de
1924 1657 1985 1717 A
1991 1648 2221 1745 rgueil
2234 1663 2300 1719 et
2320 1648 2585 1719 caeteris
2602 1647 3094 1741 innotuerunt,

965 1788 1146 1859 quos
1169 1764 1300 1834 sibi
1323 1763 1755 1835 defensionis
1767 1763 2171 1862 praesidium
2187 1764 2435 1836 afferre
2449 1788 2656 1860 posse
2671 1763 3094 1836 sentiebant.

1069 1882 1152 1949 Et
1189 1879 1379 1951 fama
1446 1878 1736 1976 quidem
1769 1878 2054 1976 publice
2108 1879 2272 1970 suit,
2316 1904 2399 1949 ex
2445 1878 2731 1949 duobus
2790 1881 3093 1967 nuntii5‚

965 2017 1149 2087 quos
1186 1993 1563 2065 obsessiad
1589 1993 2127 2092 procurandum
2166 2018 2579 2064 succursum
2614 1993 3092 2083 destinarant,

964 2110 1266 2181 alterum
1313 2110 1406 2181 ad
1463 2134 1719 2181 manus
1757 2110 2024 2208 praefati
2052 2109 2326 2179 domini
2357 2110 2453 2179 de
2492 2112 2769 2199 Cenon,
2808 2126 3096 2208 captum

963 2224 1058 2296 ab
1086 2224 1622 2298 excubitoribus
1648 2240 2042 2297 castrorum
2070 2281 2088 2316 ‚
2129 2226 2534 2317 devenisse3
2565 2250 2693 2322 per
2718 2251 2939 2322 quem
2967 2227 3096 2297 sibi

963 2342 1278 2413 innotuit
1325 2341 1414 2411 de
1446 2340 1563 2412 die
1624 2356 1694 2411 et
1740 2340 1922 2411 hora
1955 2342 2359 2436 caeterisque
2421 2340 2515 2411 ad
2548 2365 2699 2410 rem
2736 2343 3098 2437 pertinen-

963 2455 1179 2548 tibus,
1203 2455 1468 2552 quibus
1485 2457 1620 2554 ipsi
1641 2455 1909 2526 obsessi
1929 2480 2301 2527 succursus
2314 2454 2863 2526 subventionem
2887 2472 3099 2554 atque

965 2572 1215 2643 solatia
1240 2571 1333 2642 ab
1369 2570 1912 2642 auxiliatoribus
1945 2573 2267 2668 accipere
2315 2586 2526 2665 atque
2560 2586 3002 2667 exspectare,
3034 2588 3101 2642 et

965 2688 1119 2759 vice
1155 2712 1357 2759 versa
1376 2713 1590 2786 opem
1617 2688 1886 2760 eisdem
1917 2690 2085 2785 ipsis
2123 2690 2561 2760 auxiliaturis
2596 2690 3096 2760 ferreinvicem

965 2803 1456 2875 condixerant.
1498 2804 1777 2891 Quibus
1814 2806 2278 2875 nihilominus
2302 2804 2885 2897 advenientibuS,
2930 2832 3097 2876 cum

966 2920 1270 3011 obsessi,
1297 2920 1498 3015 juxta
1513 2921 1923 2992 condictam
1950 2921 2206 2990 horam
2234 2974 2252 3008 ‚
2287 2919 2602 2990 studiose
2616 2944 2700 2990 ac
2728 2920 3099 3013 vigilanter

967 3034 1430 3107 observarent
1472 3060 1613 3133 qua
1645 3038 1745 3107 eis
1779 3061 1992 3133 opem
2035 3036 2245 3107 laturi
2278 3034 2660 3105 adventare
2693 3033 3090 3126 debebant,

968 3174 1116 3222 non
1152 3151 1530 3223 defuerunt
1548 3152 1641 3222 ad
1662 3153 2069 3223 condictam
2099 3151 2352 3221 horam
2388 3165 2457 3220 et
2488 3151 2729 3220 locum
2760 3150 2893 3248 ipsi
2926 3156 3098 3221 Bur-

966 3264 1366 3357 gundiones
1387 3292 1550 3336 cum
1576 3266 1840 3337 caeteris
1862 3266 2291 3335 Suitensium
2318 3265 2565 3361 copiis.
2594 3268 2676 3334 Et
2698 3265 2858 3335 licet
2883 3269 3093 3362 pauci

961 3404 1294 3471 numero,
1315 3380 1798 3451 obsidentium
1808 3381 2369 3477 comparatione,
2388 3382 2820 3471 exsisterent,
2842 3410 2875 3447 c<
2896 3380 3019 3453 bel
3031 3385 3095 3453 lo

967 3524 1001 3557 α
1043 3508 1278 3565 tamen
1339 3496 1576 3567 vivida
1611 3498 1858 3579 virtus,
1899 3528 1932 3561 υ
1978 3496 2108 3593 ipsi
2161 3497 2496 3566 audacter
2541 3511 2610 3565 et
2668 3496 2991 3567 animose
3024 3501 3093 3567 in

965 3615 1273 3683 Francos
1308 3614 1700 3704 irruerunt,
1737 3639 1820 3684 ex
1846 3615 1982 3684 alia
2021 3628 2219 3710 parte
2256 3614 2466 3683 etiam
2494 3637 2641 3682 non
2676 3612 3095 3683 feriantibus

964 3726 1292 3815 obsessis,
1325 3731 1448 3824 qui
1483 3756 1522 3799 e
1557 3731 1702 3800 suis
1735 3731 1957 3827 portis
1987 3744 2465 3827 erumpente5‚
2496 3729 2638 3799 suis
2672 3729 2945 3799 auxiliis
2976 3756 3094 3800 oc·

960 3861 1360 3916 currerunt.
1399 3846 1570 3943 Ipsis
1623 3847 1860 3941 itaque
1896 3872 2062 3915 cum
2096 3846 2335 3916 valido
2371 3846 2635 3941 impetu
2670 3845 2857 3916 ultro
2883 3846 3095 3915 citro-

959 3986 1099 4057 que
1128 3962 1666 4034 imminentibus
1695 3968 2134 4034 Francorum
2171 3964 2419 4059 copiis‚
2451 3985 2785 4058 magnam
2816 3961 3092 4056 deipsis

1043 4137 1096 4190 1.
1147 4134 1311 4190 Dole.

1037 4235 1093 4287 2.
1145 4235 1547 4307 oppidanique
1576 4232 1718 4288 dans
1748 4233 1800 4289 le
1832 4230 2161 4287 manuscrit.
