3400 5417
973 568 1088 625 116
1511 562 2030 619 ms‘roluAntJM
2068 558 2426 619 Lunovlcl
2465 559 2554 616 xl

970 697 1270 770 modum
1321 717 1493 766 vero
1543 718 1627 764 ex
1676 692 1800 763 tali
1847 692 2109 765 scelere
2152 712 2447 790 sperans
2489 711 2698 788 posse
2732 686 3074 785 acquirere

966 799 1457 913 episcopatum
1492 807 1640 880 filio
1664 832 1798 880 suo
1816 811 1860 897 ¹,
1901 809 2174 881 clerum
2197 806 2522 897 civitatiS,
2555 828 2686 904 per
2711 828 2890 901 quos
2911 804 3075 875 solet

965 927 1390 1028 pontificum
1427 925 1682 998 electio
1717 923 2105 1014 celebrari,
2141 926 2219 997 in
2250 950 2477 995 unum
2513 924 2783 1019 coegit,
2823 921 3074 995 clausit-

964 1070 1107 1142 que
1139 1045 1381 1116 locum
1415 1041 1611 1114 unde
1648 1041 1948 1113 minime
1980 1042 2233 1112 exituri
2274 1039 2509 1112 forent
2532 1093 2550 1129 ,
2584 1038 2824 1111 donec
2861 1038 3074 1136 ipsum

962 1157 1192 1231 filium
1225 1183 1435 1231 suum
1468 1159 1545 1229 in
1586 1180 1796 1229 suum
1842 1154 2255 1254 pontificem
2307 1179 2389 1228 ac
2432 1170 2793 1253 pastorem
2841 1152 3074 1226 duxis-

963 1292 1122 1348 sent
1164 1276 1599 1372 eligendum.
1647 1279 1882 1361 Quem
1925 1299 2092 1344 cum
2123 1327 2141 1362 ‚
2187 1273 2309 1345 tali
2354 1273 2822 1371 impressione
2882 1286 3073 1368 atque

962 1393 1302 1465 violentia
1332 1390 1605 1480 adacti,
1653 1390 1884 1462 taliter
1916 1389 2219 1485 qualiter
2250 1388 2622 1484 elegissent
2654 1442 2672 1477 ,
2721 1411 2849 1462 eos
2879 1387 3071 1459 etiam

963 1508 1201 1603 adegit
1248 1523 1328 1579 ut
1372 1532 1446 1578 se
1493 1520 1566 1579 et
1614 1506 1944 1577 omnium
1995 1505 2452 1577 ecclesiarum
2493 1526 2784 1575 suarum
2833 1502 3076 1573 fructus

962 1624 1154 1722 apud
1199 1622 1721 1694 nummularios
1767 1620 1965 1692 urbis
2007 1621 2453 1694 Coloniensis
2492 1636 2564 1692 et
2595 1620 3071 1712 Venetiarum,

961 1763 1088 1809 seu
1121 1737 1726 1826 Florentinorum,
1766 1737 2168 1832 obligarent
2198 1752 2412 1833 atque
2443 1751 2932 1833 supponerent
2961 1761 3073 1833 pro

962 1876 1244 1924 summa
1289 1879 1430 1924 xxx
1470 1852 1778 1924 millium
1828 1852 2255 1956 ducatorum
2283 1907 2300 1941 ‚
2353 1875 2572 1949 quam
2624 1852 3074 1925 necessariam

962 1967 1099 2040 sibi
1132 1967 1428 2067 putabat
1459 1968 1553 2040 ad
1590 1967 2212 2040 confirmationem
2257 1968 2622 2041 electionis
2652 1967 2744 2039 de
2777 1966 2932 2039 filio
2962 1993 3075 2039 suo

966 2085 1159 2156 factae
1203 2111 1247 2157 a
1297 2085 1462 2157 sede
1502 2085 1893 2184 apostolica
1938 2083 2436 2157 obtinendam.
2483 2088 2724 2156 Caecus
2771 2084 3074 2181 profecto

961 2201 1265 2271 nimium
1304 2216 1514 2297 atque
1545 2201 1838 2273 insanus
1869 2215 1941 2271 et
1972 2201 2233 2271 mentis
2265 2201 2524 2298 imp05‚
2559 2200 2684 2297 qui
2709 2196 3076 2298 [sperabat]

963 2340 1089 2413 per
1143 2330 1289 2387 tam
1341 2314 1791 2389 horrendum
1841 2316 2302 2412 parricidium
2357 2340 2402 2387 a
2453 2340 2527 2387 se
2565 2314 2834 2387 factum
2893 2338 3078 2412 posse

963 2431 1112 2503 filio
1157 2458 1332 2521 suo,
1401 2434 1500 2504 sic
1548 2457 1675 2531 per
1719 2433 2261 2529 impressionem
2307 2432 2731 2528 nulliterque
2791 2430 3072 2517 electo’‚

962 2548 1138 2619 illud
1190 2550 1592 2646 episcopale
1638 2548 1993 2644 fastigium
2045 2549 2421 2639 obvenire,
2461 2575 2624 2621 cum
2675 2548 2821 2619 hoc
2867 2550 3078 2648 ipsum

963 2687 1112 2733 non
1142 2663 1366 2733 modo
1397 2664 1641 2733 omnia
1672 2663 1831 2758 jura
1862 2662 2106 2735 divina
2138 2680 2208 2733 et
2233 2664 2550 2735 human-a
2575 2717 2593 2752 ‚
2633 2662 2756 2735 sed
2789 2680 2866 2735 et
2910 2679 3078 2736 totus

962 2779 1385 2850 christianus
1425 2778 1621 2851 orbis
1647 2778 1971 2849 horreret
2002 2796 2213 2877 atque
2245 2782 2500 2860 ,merito
2533 2796 3032 2852 exsecraretur.

1062 2896 1310 2967 Statim
1360 2910 1596 2967 autem
1655 2912 1727 2966 ut
1782 2898 2080 2967 civitatis
2123 2898 2425 2994 imperio
2479 2912 2550 2968 et
2598 2895 3080 2968 dominatione

964 3025 1069 3080 cst
1105 3012 1397 3108 potitus,
1442 3036 1568 3107 per
1606 3012 1851 3083 omnia
1886 3014 2126 3110 patriae
2160 3013 2583 3083 Leodiensis·
2610 3012 2884 3110 oppida
2921 3036 3078 3082 nun·

964 3127 1100 3196 tios
1130 3127 1317 3196 misit
1350 3142 1698 3221 quatenus
1727 3129 1819 3199 ad
1847 3154 1946 3215 se,
1993 3129 2362 3219 Leodium‚
2403 3144 2771 3226 portarum
2804 3154 3076 3201 suarum

963 3240 1195 3312 claves
1244 3241 1665 3332 deser1*ent³‚
1723 3259 1934 3339 atque
1994 3260 2073 3314 ut
2131 3244 2310 3331 sibi,
2369 3246 2562 3316 velut
2618 3244 2927 3315 domino
2973 3269 3076 3314 seu

962 3356 1316 3429 defensori
1374 3361 1649 3457 patriae,
1724 3362 2061 3457 parituri,
2111 3361 2336 3432 fidelis
2385 3360 2808 3431 obedientiae
2855 3384 3080 3433 sacra-

962 3488 1204 3544 menta
1226 3490 1657 3570 praestarent.
1691 3476 1908 3561 Quod
1937 3478 2197 3563 statim,
2224 3503 2372 3548 non
2403 3478 2694 3573 quidem
2720 3479 2791 3548 vi
2815 3494 3075 3563 coacta,

958 3588 1085 3659 sed
1134 3606 1529 3685 spontanea
1576 3608 1647 3665 et
1706 3592 2028 3662 volenter
2070 3595 2316 3665 omnia
2360 3595 2599 3691 patriae
2647 3595 2920 3693 oppida
2960 3592 3079 3665 sibi

959 3705 1280 3801 parendo
1317 3705 1657 3777 fecerunt.

1041 3851 1099 3906 >1.
1140 3874 1163 3895 «
1204 3852 1395 3906 Priant
1427 3869 1539 3925 que
1567 3870 1670 3907 son
1702 3851 1852 3907 frere
1877 3850 2062 3910 Jehan
2093 3851 2164 3909 de
2189 3856 2269 3909 La
2297 3852 2492 3908 Marck
2518 3894 2532 3921 ‚
2573 3852 2862 3910 estudiant
2894 3858 2926 3910 ἱι
2962 3853 3078 3910 Col-

958 3940 1206 4017 longne,
1245 3940 1357 3997 fust
1400 3942 1555 3999 esleu
1600 3945 1871 4019 evesque.
1917 3970 1940 3994 υ
1992 3945 2258 4015 Molinet,
2300 3946 2338 4001 l.
2387 3964 2442 4003 ct
2486 3946 2635 4003 C'est
2677 3967 2747 4003 en
2794 3948 2934 4005 esset
2989 3965 3079 4002 son

958 4033 1107 4089 frere
1136 4044 1193 4089 et
1218 4052 1334 4089 non
1370 4054 1473 4091 son
1508 4036 1593 4092 fils
1622 4056 1735 4112 quc
1764 4038 2087 4095 Guillaume
2119 4038 2190 4094 de
2220 4043 2297 4095 La
2326 4039 2519 4095 Mai-ck
2549 4042 2751 4098 voulut
2781 4040 3081 4097 substituer

955 4128 988 4181 ὲ
1021 4126 1194 4183 Louis
1225 4126 1296 4183 de
1320 4127 1613 4188 Bourbon.

1036 4222 1095 4281 2.
1141 4224 1249 4276 MS.
1284 4226 1482 4279 illecto.

1036 4317 1091 4372 3.
1138 4318 1246 4374 ΜΞ.
1278 4316 1605 4391 dc'fsc’trent.
