3400 5417
954 453 1068 508 114
1496 449 2010 508 ms‘romARUM
2050 448 2410 506 LUnovml
2451 449 2537 504 XI

948 584 1144 654 vium
1184 604 1481 653 suorum
1512 578 2010 677 expeditorum
2043 579 2462 650 comitatum
2495 592 2710 675 atque
2739 580 3068 651 auxilium

947 698 1268 770 invenire
1294 750 1312 786 ,
1359 696 1553 767 solus
1586 718 1754 766 cum
1785 695 2034 793 paucis
2076 718 2260 791 quos
2294 692 2612 767 hahebat
2635 749 2655 785 ,
2691 694 2788 767 ad
2823 695 3068 767 subur·

945 812 1222 885 banum
1268 811 1485 884 exivit
1508 814 1553 902 ¹,
1597 810 1865 882 civium
1915 834 2210 881 suorum
2253 834 2378 880 seu
2407 810 2694 905 ignavia
2738 834 2862 884 seu
2905 810 3069 883 dolo

949 928 1257 1003 nudatus
1289 952 1373 1001 ac
1402 927 1779 1001 destitutus
1797 926 2084 998 auxilio.
2112 930 2356 1022 Neque
2381 927 2603 1019 enim,
2641 928 2747 999 uti
2782 928 3070 1026 impera·

948 1058 1057 1117 rat
1100 1060 1172 1116 et
1211 1043 1410 1141 quod
1450 1043 1549 1115 ita
1587 1042 1841 1114 facturi
1882 1042 2118 1112 forent
2153 1039 2604 1137 confidebat,
2671 1068 2837 1115 eum
2899 1044 3068 1115 inse-

948 1161 1093 1231 cuti
1125 1175 1331 1253 sunt;
1362 1160 1486 1232 sed
1515 1159 1629 1230 vel
1652 1157 1937 1231 attoniti
1966 1157 2413 1229 adventantis
2438 1157 2670 1230 hostis
2699 1157 3067 1231 formidine

950 1302 1034 1350 ac
1081 1300 1385 1375 pavore,
1423 1276 1538 1348 vel
1581 1275 1836 1345 inertia
1877 1288 2242 1372 torpentes
2283 1289 2406 1345 aut
2446 1274 2892 1371 proditiones
2931 1302 3066 1348 me·

950 1391 1293 1484 ditanteS‚
1332 1416 1468 1489 pro
1503 1390 2006 1462 malevolentia
2037 1414 2256 1485 quam
2302 1388 2713 1462 hahuerunt
2743 1391 2837 1463 ad
2870 1417 3065 1465 suum

945 1510 1359 1603 dominum,
1400 1533 1567 1579 eum
1597 1508 1892 1578 minime
1926 1507 2201 1603 insequi
2230 1512 2632 1579 curarunt².

1042 1631 1275 1713 Quem
1331 1650 1498 1696 cum
1534 1638 1682 1696 tam
1717 1625 1973 1720 exiguo
2016 1624 2388 1695 inveniens
2421 1624 2648 1695 hostis
2683 1627 3060 1715 comitatu,

942 1743 1019 1813 in
1049 1767 1219 1813 eum
1256 1741 1437 1812 suria
1475 1714 1547 1812 et
1578 1739 1843 1811 saevitia
1874 1740 2197 1810 invectus
2219 1796 2236 1829 ‚
2285 1763 2506 1811 manu
2544 1742 2886 1839 propria,
2924 1744 3068 1814 licet

943 1883 1078 1957 pro
1113 1859 1257 1931 vita
1302 1856 1707 1928 humillime
1752 1855 2274 1952 supplicantem
2321 1863 2392 1925 et
2433 1858 2681 1928 omnia
2716 1855 2919 1931 bona
2956 1884 3067 1931 sua

942 1988 1155 2071 atque
1184 1975 1497 2071 seipsum
1530 1974 1602 2042 in
1643 1971 2005 2069 captivum
2043 1973 2384 2043 asservari
2423 1972 2686 2045 obnixe
2717 1976 3070 2073 postulan-

947 2105 1090 2160 tem
1120 2146 1138 2182 ,
1202 2089 1583 2161 crudeliter
1633 2086 1870 2183 gladio
1926 2088 1998 2157 in
2051 2088 2401 2159 cervicem
2453 2090 2673 2187 ipsius
2722 2092 3062 2190 impacto,

942 2205 1326 2277 trucidavit
1346 2206 1394 2293 ⁸,
1434 2204 1688 2275 nolens
1735 2204 1956 2275 alium
1996 2227 2214 2298 quam
2247 2228 2320 2275 se
2352 2218 2501 2274 tam
2543 2205 2839 2277 nefandi
2878 2224 2949 2279 et
2981 2233 3066 2279 sa·

941 2323 1181 2417 crilegi
1214 2320 1556 2392 carnificii
1586 2336 1799 2417 atque
1835 2321 2069 2417 operis
2102 2319 2255 2390 fieri
2291 2336 2804 2394 exsecutorem.

1041 2438 1322 2511 Cadens
1381 2452 1619 2509 autem
1679 2436 1873 2507 idem
1927 2437 2304 2534 episcopus
2359 2461 2525 2507 cum
2575 2439 2898 2534 quodam
2945 2442 3068 2512 alio

942 2556 1265 2627 similiter
1307 2568 1560 2625 necato
1600 2553 1912 2648 (caeteris
1955 2578 2084 2649 per
2142 2552 2380 2648 sugam
2427 2554 2977 2653 evadentibus),
3011 2574 3067 2629 et

944 2674 1159 2745 armis
1192 2697 1277 2743 ac
1320 2670 1758 2741 indumentis
1795 2671 2060 2740 caeteris
2111 2669 2489 2767 spoliatus,
2531 2696 2758 2768 usque
2814 2675 2911 2746 ad
2951 2690 3070 2745 ter-

944 2792 1127 2861 tium
1158 2790 1351 2860 diem
1385 2789 1459 2858 in
1500 2812 1589 2858 eo
1620 2788 1786 2857 loco
1825 2787 2050 2882 jacuit
2091 2786 2326 2857 nudus
2352 2790 2396 2856 ⁴.
2439 2791 2675 2875 Quem
2705 2792 3068 2887 sacrilegus

945 2932 1030 2979 ac
1078 2904 1629 2978 immanissimus
1680 2902 2067 3000 parricida,
2127 2928 2260 2974 nec
2334 2928 2688 2999 generosae
2737 2911 3069 3006 prosapiae

948 3024 1209 3094 intuitu
1261 3034 1630 3119 permotus
1685 3020 1883 3114 (erat
1929 3018 2121 3088 enim
2173 3018 2386 3090 frater
2427 3022 2630 3093 ducis
2689 3023 3063 3107 Borbonii,

948 3139 1095 3236 regi
1129 3141 1569 3208 Francorum
1612 3134 2226 3227 consanguinitate
2264 3136 2690 3231 conjunctus
2714 3195 2733 3230 ,
2771 3164 3068 3211 avuncu-

947 3255 1196 3349 lusque
1250 3252 1728 3323 illustrissimae
1786 3249 2095 3320 dominat
2144 3253 2420 3344 Mari-(e,
2481 3254 2632 3349 Jam
2686 3254 3062 3344 defunctae,

1029 3459 1085 3514 1.
1140 3482 1164 3506 «ι
1199 3454 1519 3512 Exiverunt
1557 3473 1762 3510 versus
1805 3454 2090 3521 Clzaymfe.
2140 3473 2166 3506 >³
2217 3452 2507 3513 Adrianus
2549 3457 2620 3515 de
2667 3462 3067 3521 veteri-Bosco

947 3572 1042 3627 ap.
1076 3550 1367 3618 Martene,
1408 3553 1601 3623 Ampl.
1637 3553 1923 3617 collectis),
1955 3560 1996 3603 t.
2030 3550 2130 3619 IV,
2163 3548 2276 3607 col.
2305 3554 2482 3609 1377.

1028 3647 1085 3701 2.
1142 3673 1163 3696 ιι
1200 3642 1518 3700 Ministeria
1560 3642 1785 3699 stabant
1817 3641 1888 3699 ad
1929 3653 2163 3717 pontem
2207 3645 2642 3705 Amari-Cordis
2665 3695 2680 3722 ‚
2719 3648 3064 3728 disputantes

948 3739 1077 3815 quis
1103 3739 1236 3807 iret,
1267 3736 1514 3793 dicendo
1540 3759 1552 3791 :
1590 3735 1748 3792 Vade
1779 3749 1860 3792 tu.
1891 3733 2075 3790 Vadat
2099 3733 2217 3792 ille.
2257 3759 2285 3786 n
2321 3736 2501 3812 Ibid„
2533 3741 2645 3799 col.
2683 3744 2865 3801 1378.

1030 3836 1088 3890 3.
1131 3833 1176 3889 Il
1206 3832 1367 3900 omit,
1400 3831 1629 3889 suivant
1656 3830 1892 3886 Molinet
1914 3872 1928 3899 ,
1971 3855 1993 3878 «
2029 3831 2189 3886 arm&
2228 3830 2300 3887 ‹le
2339 3844 2523 3890 toules
2551 3836 2740 3912 pieces
2763 3882 2778 3907 ,
2807 3841 2972 3897 sinon

947 3926 1074 3983 chel
1114 3939 1168 3983 et
1205 3926 1305 3982 des
1326 3924 1573 3997 jambes,
1604 3949 1631 3976 ι)

1031 4025 1087 4078 4.
1134 4020 1369 4078 molinet
1408 4034 1465 4076 et
1500 4018 1824 4077 commines
1866 4016 2050 4073 disent
2085 4037 2196 4093 qu<¹
2228 4038 2330 4074 son
2374 4039 2542 4098 corps
2579 4024 2664 4079 sut
2697 4025 2812 4095 jete
2856 4027 2994 4083 dans
3020 4027 3062 4082 la

946 4119 1180 4186 Mense3
1213 4115 1354 4171 mais
1383 4114 1435 4171 le
1466 4114 1655 4170 moine
1686 4111 1902 4168 Adrien
1935 4110 2209 4187 explique
2238 4114 2377 4188 qu'il
2417 4116 2612 4175 tomba
2642 4118 2712 4175 de
2745 4140 2850 4179 son
2876 4120 3063 4179 cheval

946 4211 1087 4267 dans
1116 4210 1285 4267 l'eau.
