3400 5417
1126 510 1345 567 LIBER
1388 513 1690 569 SEXTUS.
2403 518 2473 569 79

348 644 561 715 armis
602 644 934 717 inventus
955 699 974 734 ,
1029 666 1194 713 cum
1244 642 1583 716 obsistere
1617 644 2035 715 adversariis
2066 657 2472 736 conaretur,

348 782 731 857 oppressus
788 772 917 829 est.
984 762 1069 828 Et
1130 759 1293 830 licet
1346 759 1862 831 nonnullorum
1890 815 1909 850 ,
1969 760 2091 854 qui
2142 761 2478 857 praecipui

348 889 675 945 auctores
706 874 1030 945 factionis
1063 889 1229 944 ante
1263 874 1541 945 fuerant
1569 930 1589 967 ,
1636 873 1834 945 bona
1872 874 2148 971 direpta
2185 875 2324 944 sint
2349 929 2365 962 ‚
2409 888 2481 943 et

347 990 436 1063 de
500 989 938 1087 quibusdam
999 990 1231 1062 ductis
1300 992 1373 1061 in
1442 992 2041 1087 Hagam-Comitis
2069 994 2085 1027 ¹
2135 991 2479 1089 supplicia

346 1122 667 1205 sumpta,
722 1106 963 1203 quoad
1010 1105 1365 1205 plebeiam
1412 1122 1651 1179 tamen
1707 1108 2235 1179 multitudinem
2281 1110 2483 1205 oppi-

348 1223 520 1294 dum
577 1224 925 1294 intactum
976 1225 1336 1295 remansit.
1399 1224 1615 1320 Cujus
1668 1222 2166 1295 subactionem
2233 1239 2484 1295 caetera

350 1339 619 1436 oppida
673 1339 994 1435 ejusdem
1059 1355 1269 1411 antea
1328 1339 1691 1432 factioniS,
1759 1364 1914 1434 quae
1978 1340 2217 1437 potius
2273 1364 2484 1412 suum

348 1455 751 1551 principem
800 1468 1261 1526 contemnere
1286 1512 1304 1548 ‚
1346 1480 1565 1550 quam
1603 1456 1695 1526 ad
1731 1480 1897 1526 eum
1945 1455 2268 1527 debitum
2315 1456 2482 1527 sub-

341 1570 671 1663 jectionis
722 1584 794 1641 et
842 1567 1265 1642 obedientiae
1328 1596 1605 1641 servare
1658 1570 2112 1663 videbantur,
2157 1575 2486 1645 exterrita

348 1701 416 1757 et
476 1684 842 1779 emollita,
916 1712 989 1758 se
1044 1687 1365 1783 ejusdem
1432 1689 1537 1757 sui
1598 1686 1939 1787 principis
2008 1689 2482 1761 dominationi

350 1805 573 1899 magis
605 1803 865 1876 devota
897 1820 1109 1901 atque
1149 1804 1557 1876 obedientia
1586 1804 2088 1876 exhibuerunt.

446 1925 591 1990 Nec
628 1934 866 1991 tamen
902 1934 1282 2017 propterea
1309 1920 1581 1993 radices
1616 1920 2046 1991 seditionum
2078 1946 2120 1991 a
2147 1921 2486 1993 cordibus

352 2036 877 2106 Hoeckensium
933 2035 1186 2105 evulsae
1252 2061 1545 2132 prorsus
1603 2052 1728 2107 aut
1786 2051 2125 2107 emortuae
2196 2037 2486 2140 redditae

350 2168 553 2241 sunt3
599 2151 774 2248 quin
818 2152 966 2221 imo
993 2205 1010 2239 ,
1055 2152 1308 2246 procul
1353 2151 1617 2243 dubio,
1666 2184 1699 2219 «
1742 2168 2035 2223 manent
2075 2153 2214 2223 alta
2249 2170 2485 2225 mente

350 2282 680 2365 repostae3
719 2298 752 2333 n
787 2282 855 2338 et
889 2267 945 2337 si
976 2323 993 2357 ‚
1036 2284 1405 2364 premente
1443 2284 1638 2339 metu
1670 2294 1804 2365 pro
1842 2284 2163 2365 tempore
2207 2270 2485 2340 silentio

353 2398 710 2477 teguntur,
770 2398 1009 2454 tamen
1058 2382 1447 2479 aliquando
1506 2384 1562 2453 si
1620 2385 1692 2453 in
1742 2399 2066 2480 apertum
2129 2409 2487 2479 emergere

350 2500 666 2590 licuerit,
706 2497 1102 2569 verendum
1142 2515 1248 2569 est
1295 2524 1384 2569 ne
1424 2500 1498 2567 in
1536 2524 1881 2594 magnum
1933 2500 2329 2597 irrumpant
2370 2502 2488 2571 in-

353 2615 690 2685 cendium
712 2619 757 2706 ²,
791 2631 861 2684 et
894 2639 983 2684 ne
1012 2615 1321 2685 acriores
1354 2615 1494 2685 sint
1527 2640 1807 2685 morsus
1839 2616 2251 2685 intermissae
2275 2615 2486 2687 liber-

353 2731 530 2821 tatis,
570 2754 793 2825 quam
823 2743 1135 2819 retentae,
1170 2728 1366 2823 juxta
1393 2730 2236 2800 sententiamCiceronis:
2270 2755 2487 2826 quam

355 2861 587 2918 tamen
624 2861 893 2943 pestem
929 2850 1119 2915 Deus
1152 2860 1420 2916 avertat
1445 2902 1464 2937 ,
1495 2860 1564 2915 et
1591 2848 1836 2916 omnia
1868 2847 2278 2941 hujusmodi
2309 2848 2490 2919 ziza·

354 2964 645 3033 niorum
691 2965 961 3033 semina
1007 2962 1097 3031 de
1145 2987 1436 3031 suorum
1487 2963 1742 3032 animis
1791 2962 2106 3032 fidelium
2156 2964 2489 3034 radicitus

352 3078 687 3173 dignetur
717 3077 1069 3175 propitius
1106 3072 1433 3146 evellere!

446 3193 590 3263 Sed
642 3193 802 3261 licet
839 3191 913 3261 hi
960 3192 1082 3287 qui
1139 3190 1228 3261 de
1276 3190 1621 3285 Trajecm,
1664 3192 1764 3261 uti
1811 3192 2301 3287 praediximus,
2344 3220 2489 3290 op—

352 3309 606 3407 pidum
648 3308 901 3405 Leydis
932 3309 1005 3379 in
1047 3309 1358 3379 savorem
1394 3309 1714 3377 exsulum
1757 3309 2186 3406 irruperunt,
2218 3309 2488 3406 oppido

352 3427 601 3497 relicto
626 3483 644 3516 ,
684 3426 774 3497 ad
812 3426 1100 3522 propria
1136 3424 1625 3511 revertissent,
1672 3451 1820 3495 non
1865 3442 2101 3496 tamen
2133 3450 2352 3524 parvo
2391 3429 2490 3497 in-

348 3544 659 3636 juriam,
721 3544 795 3611 in
851 3541 1043 3611 dicto
1109 3541 1362 3635 insigni
1418 3541 1687 3638 oppido
1745 3541 2003 3614 sibiae
2048 3545 2185 3614 loci
2235 3545 2493 3615 accolis

356 3661 655 3747 saetam,
704 3658 846 3728 dux
913 3658 1240 3743 Austriae‚
1291 3657 1680 3727 [Iollandiac
1725 3660 2101 3756 princeps,
2147 3662 2495 3730 aestiman-

356 3776 522 3845 dam
588 3775 702 3845 vel
759 3772 1110 3867 neglectui
1194 3771 1601 3843 habendam
1668 3773 1888 3843 duxit.
1972 3779 2231 3845 Verum
2301 3778 2490 3871 gravi

356 3890 663 3987 proinde
703 3891 805 3960 ira
843 3913 927 3960 ac
973 3887 1465 3981 indignatione
1516 3888 1851 3961 adversus
1896 3893 2368 3987 'l‘rajectenses
2425 3908 2491 3960 et

442 4075 491 4125 l.
544 4076 625 4126 La
661 4074 842 4145 [layo.
878 4074 1020 4145 Voy.
1056 4084 1094 4125 t.
1131 4074 1222 4138 ΙΙ,
1259 4090 1315 4145 p.
1354 4072 1494 4143 246,
1529 4083 1662 4124 note
1694 4074 1748 4125 1.

433 4166 489 4218 2.
542 4167 687 4218 Tout
737 4185 802 4218 (τυ
842 4164 936 4239 qui
982 4163 1113 4225 suit,
1162 4162 1385 4237 jusqn'in
1432 4162 1480 4217 la
1528 4163 1599 4216 lin
1642 4162 1718 4217 ‹lu
1757 4164 2035 4240 chapinv,
2072 4185 2318 4239 mamque
2352 4166 2491 4221 (lans

355 4257 678 4312 Matthaeus.
