3400 5417
870 529 984 585 105
1414 530 1931 586 HISTORIARUM
1973 528 2331 585 LUDOVICI
2370 529 2455 584 xl

866 664 1001 736 bus
1036 660 1518 735 cardinalibus
1565 662 1916 732 committi
1963 684 2142 755 aegre
2186 660 2688 753 obtinuerunt,
2736 663 2810 732 in
2857 685 2986 758 qua

864 794 1069 851 erant
1098 780 1207 851 hae
1239 780 1509 851 frivolae
1534 779 2069 849 criminationes
2099 778 2400 850 insertae.

1486 1093 2000 1163 CAPITULUM
2062 1095 2345 1161 XXVIII
2356 1146 2370 1162 .

867 1313 943 1364 De
968 1324 1181 1364 moneta
1202 1330 1362 1384 quam
1384 1312 1769 1384 Enghelbertns
1795 1310 1920 1364 cudi
1938 1312 2081 1375 fecit,
2111 1324 2162 1363 et
2189 1310 2255 1363 de
2282 1312 2434 1383 gestis
2463 1331 2558 1384 per
2583 1331 2730 1379 eum,
2756 1326 2908 1382 atque
2931 1314 2994 1365 de

1601 1396 1880 1449 obsidione
1904 1396 1972 1449 de
1995 1397 2256 1453 Yselstein.

966 1612 1132 1677 Erat
1164 1606 1397 1676 dictus
1435 1606 1949 1703 Enghelbertus
1990 1609 2337 1698 intrusuS‚
2382 1605 2475 1677 ab
2512 1606 2715 1676 initio
2741 1607 2997 1678 adven-

868 1741 978 1795 tus
1024 1726 1131 1793 sui
1185 1724 1532 1819 quamdiu
1583 1727 1770 1794 stetit
1810 1725 2102 1819 Trajecti
2131 1780 2148 1815 ‚
2193 1726 2264 1793 in
2303 1722 2524 1793 domo
2572 1724 2988 1821 episcopali,

864 1843 1030 1934 sita,
1077 1856 1156 1910 ut
1209 1842 1427 1911 moris
1478 1856 1620 1933 est,
1669 1841 1868 1936 juxta
1924 1839 2408 1913 cathedralem
2455 1840 2862 1930 ecclesiam,
2920 1842 2992 1910 in

866 1980 1083 2051 quam
1131 1955 1354 2026 suerat
1390 1955 1479 2026 ab
1521 1956 1671 2049 his,
1713 1958 1832 2052 qui
1884 1982 2050 2026 enm
2102 1956 2603 2045 accersierant‚
2653 1969 2994 2051 tanquam

866 2075 1095 2143 vicem
1125 2097 1371 2165 gerens
1405 2072 1758 2169 episcopi,
1797 2072 2187 2142 collocatus
2219 2086 2289 2140 et
2325 2070 2700 2141 adductus.
2745 2076 2835 2139 Ut
2871 2096 2996 2142 au-

864 2203 1008 2257 tem
1039 2213 1187 2257 non
1219 2188 1289 2256 in
1342 2212 1654 2258 vacuum
1698 2188 2073 2258 accersitus
2096 2185 2338 2278 fuisse,
2378 2202 2494 2257 aut
2525 2185 2699 2256 nihil
2725 2211 2997 2257 assecu-

865 2319 976 2373 tus
1032 2305 1397 2400 potestatis
1448 2316 1852 2399 putaretur,
1907 2304 2073 2399 ipsis
2121 2301 2696 2395 suggerentibus,
2756 2326 2998 2373 mone-

867 2434 1011 2488 tam
1048 2444 1309 2490 novam
1330 2476 1347 2510 ‚
1379 2434 1753 2512 argenteos
1785 2419 2047 2488 scilicet
2079 2433 2291 2512 atque
2327 2440 2580 2487 aureos
2621 2444 2988 2507 nummOS,

863 2560 994 2605 suo
1029 2537 1321 2605 nomine
1362 2536 1528 2606 cudi
1565 2536 1793 2603 facere
1826 2559 2192 2629 aggressus
2244 2549 2372 2603 est.
2413 2535 2554 2620 Qui
2592 2560 2759 2603 cum
2796 2536 2994 2604 initio

865 2666 1287 2744 utcumque,
1344 2676 1476 2747 pro
1535 2650 1876 2720 attributo
1933 2652 2033 2719 eis
2081 2676 2328 2740 cursu,
2380 2651 2783 2721 tolerabiles
2827 2651 2993 2721 suis-

863 2782 1052 2857 sem,
1098 2766 1299 2835 brevi
1336 2779 1576 2834 tamen
1612 2767 1952 2861 temporis
1989 2765 2292 2835 decursu
2317 2822 2335 2855 ,
2376 2767 2490 2834 cui
2533 2790 2716 2863 opus
2757 2766 2998 2861 hujus-

865 2882 1061 2951 modi
1097 2880 1438 2950 cudenda‘.
1478 2898 1780 2951 monetae
1829 2882 1920 2951 ab
1963 2906 2049 2950 eo
2087 2883 2545 2951 commissum
2593 2884 2990 2968 exstiterat,

866 3013 1007 3069 tam
1048 2996 1417 3095 improbos
1470 3000 1812 3093 percussit
1873 3014 2083 3093 atque
2139 2998 2330 3087 fecit,
2391 3012 2503 3088 nt,
2570 3024 2717 3067 non
2773 2999 2994 3068 modo

863 3129 1056 3185 extra
1085 3115 1439 3184 civitatem
1476 3114 1740 3209 ubique
1772 3140 1814 3185 a
1849 3117 2121 3185 cunctis
2157 3114 2673 3210 respuebantur
2695 3170 2712 3203 ,
2757 3114 2879 3184 sed
2925 3118 2992 3185 in

864 3232 1141 3300 civitate
1201 3230 1436 3299 nullus
1483 3232 1915 3299 solutionem
1950 3232 2022 3298 in
2069 3228 2327 3299 talibus
2383 3231 2692 3300 nummis
2740 3255 3012 3333 accepj

868 3359 1009 3412 tare
1047 3345 1289 3431 vellet,
1332 3343 1453 3412 sed
1494 3344 1794 3439 passim,
1838 3358 2177 3437 tanquam
2225 3342 2552 3438 reprobi,
2611 3342 2997 3413 refutaren-

863 3474 977 3527 tur
1028 3459 1118 3529 ab
1178 3459 1537 3529 omnibus.
1601 3463 1818 3527 Erant
1867 3459 2097 3546 enim,
2159 3474 2233 3527 ut
2280 3457 2605 3547 aiebant,
2666 3460 2739 3527 in
2795 3459 2994 3527 tertia

863 3590 1060 3671 parte
1101 3576 1483 3645 deteriores
1531 3576 1601 3642 in
1651 3575 2114 3643 restituatione
2155 3577 2341 3669 justa
2390 3589 2459 3642 et
2507 3574 2788 3662 valore,
2862 3598 2994 3670 pro

862 3715 1009 3787 quo
1058 3706 1135 3760 ut
1178 3715 1461 3760 currere
1506 3689 1845 3759 deberent
1899 3689 2368 3760 cudebantur.
2417 3689 2622 3758 Unde
2671 3704 2737 3758 et
2788 3691 2861 3758 in
2911 3714 2994 3759 ea

862 3808 1181 3896 civitate,
1248 3822 1496 3901 praeter
1564 3806 1699 3876 alia
1755 3806 2262 3893 incommoda,
2329 3807 2478 3901 ipsa
2534 3806 2745 3875 ctiam
2808 3830 2994 3875 nova

864 3938 1143 3992 moneta
1180 3921 1503 4017 pluribus
1546 3948 1688 3991 non
1731 3924 1976 4014 exigua
2021 3922 2286 3992 (lamna
2326 3922 2610 3990 invexit.

962 4038 1159 4107 Aliud
1196 4038 1442 4117 etiam,
1485 4062 1573 4104 ne
1608 4039 1855 4106 inutile
1891 4038 2019 4106 sibi
2070 4037 2476 4107 dominium
2512 4036 2862 4129 quaesiisse
2899 4038 2993 4105 vi-

863 4156 1178 4241 deretur,
1236 4154 1399 4225 satis
1444 4152 1783 4247 injustum
1837 4170 1899 4222 et
1944 4156 2202 4223 infame
2261 4178 2441 4248 opus
2497 4152 2750 4222 effecit.
2817 4157 2992 4221 Nam

866 4296 1029 4339 cum
1070 4272 1324 4341 accola·
1357 4270 1724 4364 cujusdam
1760 4271 1974 4359 villae,
2015 4285 2087 4337 ut
2127 4268 2217 4339 al»
2257 4268 2600 4337 incendiis
2630 4282 2698 4335 et
2732 4268 2992 4361 rapinis
