3400 5417
982 507 1096 564 1¹·ss
1524 504 2041 566 msTomAntm
2078 505 2440 565 tumvlct
2478 507 2565 564 XI

982 650 1165 708 tarat
1179 691 1198 728 ,
1259 635 1354 708 ad
1417 636 1728 734 patriam
1776 658 1981 708 suam
2040 636 2443 710 Clivensem
2494 633 2888 734 profectus,
2944 659 3124 711 suos

980 751 1312 825 rutheros
1343 750 1564 823 ferme
1610 775 1864 824 omnes
1910 752 2274 824 mitterent
2302 750 2403 826 ad
2441 751 2789 848 quasdam
2818 750 3126 826 arbores

981 868 1448 944 succidendas
1499 884 1573 941 et
1613 869 1708 941 ad
1749 870 2108 942 civitatem
2140 867 2564 944 deferendas
2602 893 2741 968 pro
2774 870 3127 944 munitio-

981 986 1194 1058 nibus
1243 999 1614 1084 portarum
1661 999 1735 1057 et
1778 986 2128 1058 moenium
2153 1042 2172 1079 ,
2227 1000 2557 1085 tempore
2608 1000 2685 1063 et
2748 985 2917 1060 loco
2980 1011 3124 1084 pro

981 1101 1244 1200 quibus
1302 1100 1378 1173 id
1427 1099 1905 1173 necessarium
1958 1125 2109 1176 esse
2148 1115 2389 1200 posset
2410 1157 2430 1194 ,
2494 1116 2711 1198 atque
2752 1102 2971 1177 etiam
3028 1101 3122 1173 ad

978 1217 1348 1290 machinas
1407 1232 1480 1289 et
1533 1218 2077 1315 propugnacula
2135 1216 2606 1290 fabrificanda
2626 1220 2670 1290 ⁸.
2745 1216 3125 1313 Simulque

977 1337 1191 1407 etiam
1234 1334 1473 1407 evenit
1522 1347 1605 1408 ut
1641 1335 1776 1432 ipsi
1825 1335 2111 1432 tyranni
2154 1359 2409 1408 omnes
2448 1360 2619 1407 cum
2677 1332 2983 1408 domino
3032 1333 3125 1408 de

978 1453 1377 1549 Montfort,
1426 1473 1648 1548 penes
1697 1461 1919 1546 ‘quem
1966 1451 2279 1524 maxima
2331 1453 2551 1525 totius
2595 1449 2925 1524 factionis
2973 1474 3125 1526 ma·

977 1566 1195 1639 nebat
1249 1581 1423 1638 tunc
1468 1567 1888 1659 auctorita,
1933 1568 2011 1639 in
2055 1593 2284 1641 unum
2318 1568 2793 1652 convenirent
2835 1566 2915 1642 in
2954 1565 3125 1640 loco

973 1681 1346 1780 capitulari
1399 1680 1710 1753 ecclesiae
1768 1682 1995 1754 sancti
2056 1685 2366 1756 Martini.
2434 1684 2685 1756 Solent
2728 1680 2927 1756 enlm
2986 1680 3123 1753 sre-

972 1814 1275 1898 quenter
1304 1800 1661 1873 solemnes
1694 1814 1768 1871 et
1797 1824 1932 1897 pro
1968 1801 2415 1895 gravioribus
2437 1801 2669 1875 causis
2688 1799 2912 1872 totius
2942 1799 3127 1870 civi·

969 1919 1129 1990 tatis
1161 1917 1304 1989 illic
1343 1915 1688 1988 celebrari
1733 1931 2157 1988 conventus.
2193 1917 2412 2005 Quod
2449 1943 2620 1990 cum
2663 1915 3127 2011 agnovissent

969 2035 1094 2130 qui
1144 2033 1236 2106 de
1273 2033 1773 2129 conjuratione
1822 2047 2063 2126 erant,
2118 2035 2300 2106 ostia
2342 2034 2667 2131 ejusdem
2712 2032 3129 2130 capitularis

967 2152 1144 2224 aulae
1207 2150 1300 2221 de
1366 2149 1536 2221 foris
1598 2150 2009 2221 clauserunt
2028 2205 2049 2237 ‚
2119 2165 2334 2247 atque
2401 2151 2595 2223 illico
2664 2147 3125 2221 currentibus

969 2267 1404 2366 quibusdam
1438 2291 1569 2364 per
1600 2267 1798 2337 vicos
1833 2266 2168 2355 civitatiS‚
2212 2268 2336 2362 qui
2371 2291 2624 2365 pacem
2656 2291 2826 2339 cum
2851 2291 3125 2362 magno

967 2388 1446 2459 acclamarent
1494 2384 1844 2475 tumultu,
1887 2383 2440 2455 adventantibus
2483 2397 2555 2455 et
2603 2383 3001 2480 conjuratis
3050 2385 3124 2455 in

969 2527 1229 2598 magna
1283 2501 1549 2571 civium
1594 2498 2055 2571 multitudine
2111 2500 2206 2571 ad
2256 2524 2721 2572 communem
2760 2500 3118 2598 plateam,

970 2644 1125 2715 quae
1167 2630 1271 2689 est
1305 2639 1534 2713 prope
1570 2614 1879 2686 domum
1910 2616 2360 2709 consulatuS,
2403 2615 2497 2688 ad
2545 2617 2784 2688 statim
2827 2630 2985 2689 tota
3022 2617 3125 2688 ci·

964 2735 1142 2805 vitas
1193 2735 1268 2805 in
1327 2733 1542 2804 armis
1595 2730 1726 2802 fuit
1749 2785 1769 2819 ‚
1836 2731 2323 2828 obseratisque
2390 2732 2698 2804 civitatis
2760 2733 2991 2829 portis
3055 2748 3124 2804 et

967 2849 1366 2940 moenibus,
1435 2863 1516 2919 ut
1575 2849 1953 2920 necessitas
2012 2847 2397 2938 suadebat,
2470 2847 2847 2922 custoditis
2870 2905 2889 2940 ‚
2931 2851 3123 2948 capti

969 2968 1164 3038 fuere
1202 2967 1489 3064 tyranni
1524 2990 1819 3057 omneS,
1859 2980 1930 3036 et
1968 2965 2211 3062 (quod
2255 2966 2465 3038 valde
2502 2966 2917 3040 mirandum
2948 3025 2967 3059 ‚
3024 2982 3123 3040 at-

971 3084 1182 3155 tentis
1223 3084 1618 3154 innumeris
1672 3107 1875 3180 paene
1912 3083 2116 3154 malis
2170 3108 2326 3179 quae
2372 3083 2641 3154 civitati
2684 3108 2771 3155 ac
2817 3085 2954 3155 toti
2988 3108 3121 3181 po·-

968 3202 1141 3299 pulo
1176 3199 1614 3294 intulerant)
1644 3201 1833 3296 ipsos
1875 3214 2122 3296 captos
2159 3199 2232 3269 in
2268 3199 2460 3271 dicto
2494 3200 2869 3299 capitulari
2906 3201 3075 3272 loco
3096 3257 3115 3290 ,

971 3319 1042 3388 in
1079 3344 1226 3416 quo
1267 3318 1547 3389 fuerant
1587 3317 1947 3408 conclusi,
1987 3315 2285 3412 pacifice
2325 3315 2417 3388 ad
2452 3331 2737 3414 portam
2770 3317 3115 3408 civitatis,

972 3460 1127 3529 quae
1174 3451 1431 3506 sanctae
1465 3432 1863 3504 Catharinae
1913 3433 2336 3530 appellatur,
2382 3432 2881 3525 adduxerunt,
2933 3449 3005 3505 et
3046 3435 3119 3503 in

971 3574 1332 3622 carcerem
1391 3551 1887 3640 detruserunt,
1929 3550 2216 3620 nemine
2257 3573 2510 3621 eorum
2556 3575 2738 3621 caeso
2783 3563 2912 3622 aut
2959 3576 3122 3648 per-

974 3692 1206 3738 cusso.
1250 3672 1516 3738 Revera
1549 3669 1742 3738 enim
1760 3671 1807 3758 ²,
1845 3680 1925 3736 nt
1961 3666 2307 3760 diximuS,
2347 3692 2497 3738 non
2537 3669 3009 3740 ostenderunt
3046 3692 3121 3738 se

972 3808 1121 3854 esse
1154 3783 1488 3854 homines
1531 3783 2066 3877 sanguinariOS,
2124 3784 2322 3879 quod
2356 3799 2597 3856 tamen
2643 3785 2716 3856 in
2755 3785 3121 3883 plerisque

971 3901 1411 3994 civitatibuS,
1459 3900 1754 3996 quando
1811 3899 1983 3970 tales
2042 3899 2426 3973 seditiones
2463 3915 2889 3996 exsurgunt,
2939 3927 3121 3972 con·

970 4017 1238 4112 tingere
1274 4043 1455 4115 saepe
1493 4019 1727 4088 visum
1757 4030 1884 4088 est.

1054 4191 1109 4244 1.
1157 4186 1458 4245 Matthaeus
1488 4187 1880 4263 fabricandas·

1053 4285 1108 4338 Ω.
1155 4282 1456 4340 Matthaeus
1487 4296 1622 4341 tum.
