3400 5417
857 524 926 578 14
1403 521 1910 577 HISTGRLARUM
1956 520 2311 577 LUDovlcl
2356 522 2435 575 xl

950 658 1108 725 ,Non
1158 668 1395 725 autem
1452 654 1751 724 cessavit
1803 654 2055 726 eadem
2106 654 2378 751 optima
2442 652 2863 750 principissa
2914 670 2984 725 et

849 767 1289 868 supplicibus
1345 767 1678 866 precibus
1705 824 1723 857 ‚
1800 783 1872 840 et
1928 768 2499 867 quibuscumque
2554 780 2794 867 posset
2857 770 2984 841 viis

850 900 1063 983 atque
1113 884 1346 955 modis
1365 940 1383 975 ‚
1422 885 1839 981 priusquam
1871 885 1961 955 de
1995 885 2349 957 damnatis
2384 886 2817 983 supplicium
2866 911 2983 956 su·

851 1016 1186 1091 meretur,
1231 998 1696 1089 intercedere,
1754 1024 2141 1098 procurare
2168 1058 2186 1093 ‚
2237 1003 2497 1074 instare
2549 1016 2621 1073 et
2663 1024 2867 1073 orare
2908 1017 2985 1073 ut

849 1116 1117 1187 eisdem
1140 1116 1350 1187 venia
1379 1115 1797 1208 donaretur,
1829 1132 1900 1189 et
1934 1142 2027 1188 ne
2059 1118 2149 1189 de
2184 1118 2284 1206 eis
2314 1142 2529 1214 poena
2561 1132 2978 1190 sumeretur.

849 1232 989 1304 Sed
1019 1246 1218 1304 tanta
1245 1231 1376 1302 fuit
1411 1230 1798 1304 obstinatio
1831 1234 2169 1304 adversus
2205 1258 2329 1304 eos
2366 1256 2657 1323 eorum,
2700 1233 2823 1328 qui
2866 1257 2988 1304 eos

849 1347 1166 1421 sublatos
1229 1349 1753 1446 exstinctosque
1809 1348 2153 1419 volebant
2177 1405 2195 1441 ,
2264 1365 2358 1420 u·
2408 1373 2641 1446 neque
2694 1373 2941 1446 preces
2962 1405 2982 1440 ,

851 1488 1082 1560 neque
1133 1464 1342 1535 minae
1390 1488 1512 1534 seu
1563 1465 2121 1537 interventiones
2174 1483 2643 1563 quaecumque
2695 1463 2988 1555 eosdem

849 1581 1200 1679 supplicio
1246 1579 1645 1651 subducere
1693 1596 2083 1677 potuerunt
2110 1583 2151 1650 ¹.
2206 1580 2422 1667 Quod
2455 1578 2779 1677 profecto
2822 1580 2988 1651 satis

848 1696 1046 1765 luctu
1097 1709 1309 1791 atque
1371 1695 1702 1789 lacrymis
1753 1693 2051 1789 dignum
2132 1693 2281 1764 fore
2359 1692 2759 1785 videbatur,
2822 1718 2985 1765 cum

848 1827 1083 1883 essent
1104 1811 1253 1883 duo
1280 1811 1413 1883 viri
1448 1810 1817 1882 mundana
1842 1826 1912 1881 et
1935 1811 2247 1881 saeculari
2277 1810 2657 1907 prudentia
2681 1810 2987 1880 multum

849 1928 1184 1999 callentes
1246 1944 1460 2023 atque
1513 1928 1826 2024 plurium
1889 1950 2312 2020 magnarum
2361 1950 2600 1997 rerum
2657 1927 2987 2021 expertis-

849 2043 1033 2114 simi.
1095 2048 1258 2114 Erat
1318 2057 1655 2140 praeterea
1681 2046 1700 2079 ⁸
1757 2044 1903 2141 ipse
1960 2043 2457 2130 cancellarius,
2512 2043 2677 2113 licet
2731 2042 2987 2112 humili

848 2160 1013 2231 satis
1051 2160 1213 2231 loco
1247 2159 1545 2249 editus³‚
1578 2158 1804 2230 homo
1845 2174 2080 2230 tamen
2131 2159 2308 2254 juris
2353 2174 2422 2229 et
2463 2160 2681 2229 totius
2720 2159 2983 2231 littera-

848 2292 1020 2346 turae
1047 2276 1398 2347 saecularis
1434 2276 1897 2372 peritissimus
1923 2299 2009 2346 ac
2039 2274 2495 2346 doctissimus
2518 2332 2536 2365 ‚
2579 2276 2984 2371 eloquentia

847 2393 1060 2462 etiam
1119 2407 1191 2462 et
1244 2391 1533 2462 dicendi
1594 2392 1801 2487 copia
1867 2408 2080 2487 atque
2151 2390 2715 2488 promptitudine
2775 2416 2984 2462 orna-

852 2510 1156 2579 tissimus
1182 2512 1237 2600 ⁸,
1293 2508 1760 2606 pluribusque
1833 2510 2126 2603 egregiis
2178 2510 2550 2602 insignitus
2606 2507 2984 2579 virtutibus

732 2632 746 2647 ‘
853 2624 1233 2696 ferebatur.

941 2879 997 2931 1.
1040 2877 1126 2932 On
1157 2874 1220 2931 lit
1250 2874 1392 2931 dans
1415 2892 1530 2929 une
1554 2872 1719 2931 lettre
1746 2874 1818 2932 de
1841 2876 2013 2935 Louis
2041 2879 2124 2933 XI
2158 2895 2229 2932 en
2262 2876 2463 2933 faveur
2492 2875 2590 2932 des
2620 2874 2883 2933 heritiers
2909 2876 2983 2933 du

851 2968 1175 3027 chancelier
1211 2968 1283 3025 de
1315 2973 1696 3045 Bourgogne:
1734 2995 1758 3020 «
1794 2974 1999 3028 Nosti-e
2028 2968 2337 3029 cousine...
2371 2970 2588 3046 requist
2624 2983 2681 3027 et
2713 2970 2837 3046 pria
2876 2970 2983 3027 les-

850 3060 964 3118 ditz
993 3063 1066 3119 de
1094 3061 1262 3119 Gand
1293 3061 1456 3118 avoir
1482 3062 1620 3140 piti(²
1649 3062 1845 3121 dudict
1872 3065 2163 3133 defluum,
2198 3078 2251 3120 ct
2284 3063 2431 3120 tenir
2460 3084 2529 3120 en
2560 3083 2797 3141 suspens
2828 3064 2985 3120 icelle

851 3154 1187 3225 executi0n3
1219 3158 1250 3210 a
1278 3154 1333 3211 la
1361 3155 1550 3231 quelle
1576 3176 1679 3233 par
1712 3157 1765 3214 le
1788 3157 1969 3235 grand
1990 3158 2175 3233 doyen
2206 3155 2369 3213 dudit
2392 3156 2559 3213 Gand
2587 3158 2667 3213 sut
2696 3155 2985 3234 respondu

850 3271 964 3327 que
991 3248 1126 3307 bien
1155 3250 1320 3307 estoit
1351 3271 1490 3328 vray
1522 3272 1634 3327 que
1662 3273 1793 3309 sans
1822 3272 1992 3309 cause
2020 3273 2095 3308 on
2130 3251 2326 3307 l’avoit
2354 3252 2715 3328 condempne
2739 3255 2771 3307 a
2800 3264 2983 3320 1110rt;

850 3345 992 3403 mais
1047 3345 1183 3422 qu’il
1232 3346 1544 3403 convenoit
1596 3366 1711 3421 que.
1765 3347 1909 3404 ainsi
1958 3348 2102 3416 sust,
2163 3365 2311 3421 pour
2351 3358 2650 3403 contenter
2690 3346 2743 3401 le
2780 3345 2987 3422 peuple

851 3440 1012 3498 dudit
1041 3440 1228 3498 Gand.
1259 3464 1288 3493 n
1322 3440 1941 3517 Lenglet-Dufresnoy,
1968 3443 2299 3509 Commiues,
2336 3452 2377 3496 t.
2411 3444 2519 3510 111,
2543 3460 2601 3517 p.
2638 3442 2777 3497 513.
2817 3438 2902 3495 Cf.
2936 3438 2989 3494 le

852 3534 1126 3590 Memoire
1168 3533 1240 3591 de
1285 3538 1363 3590 M.
1415 3533 1719 3603 Gachard‚
1764 3535 2098 3591 mentionnc'*
2134 3532 2411 3590 ci-dcssus
2436 3579 2450 3605 ‚
2494 3548 2549 3591 et
2594 3553 2709 3590 une
2745 3545 2881 3590 note
2919 3530 2989 3588 de

851 3631 929 3685 M.
983 3627 1235 3685 Marchal
1266 3648 1341 3685 au
1381 3640 1532 3684 tome
1569 3632 1685 3698 IX,
1720 3649 1777 3706 p.
1816 3632 1955 3698 139,
2001 3629 2071 3685 de
2117 3627 2373 3685 l'cdition
2400 3628 2749 3685 bruxelloise
2785 3626 2989 3703 (1839)

850 3721 922 3778 de
950 3722 1241 3780 l'Histoire
1272 3723 1370 3780 des
1399 3723 1538 3779 dues
1569 3723 1640 3779 de
1669 3726 2017 3801 Bourgogne
2046 3722 2118 3780 de
2146 3727 2224 3779 M.
2261 3723 2331 3780 de
2357 3729 2621 3780 Barante.

933 3820 990 3872 2.
1039 3820 1351 3889 Propterea
1377 3816 1520 3872 dans
1549 3816 1602 3872 lo
1632 3836 1739 3873 ms.

932 3915 989 3969 3.
1038 3910 1363 3968 Guillaume
1405 3914 1669 3988 Hugonet
1720 3910 1856 3966 &tait
1905 3909 2078 3965 d'une
2113 3909 2323 3965 famille
2361 3910 2433 3966 de
2473 3908 2614 3967 robe
2651 3908 2727 3965 du
2766 3908 2990 3966 Charo-

851 4003 975 4061 lais.
1007 4006 1190 4081 Apres
1230 4004 1392 4060 avoir
1415 4006 1505 4059 ete
1543 4002 1745 4060 maitre
1773 4003 1871 4059 des
1903 4006 2162 4079 1·eq11‹'·tes
2195 4002 2271 4058 du
2302 4002 2414 4059 duc
2443 4004 2513 4060 de
2544 4006 2883 4079 Bourgogne
2910 4047 2924 4073 ,
2952 4002 2987 4057 il

850 4098 1046 4153 devint
1073 4096 1398 4153 chancelier
1427 4115 1499 4151 en
1532 4099 1710 4152 1471.

933 4195 988 4248 ἱι.
1038 4184 1213 4267 Eloge
1248 4190 1457 4261 justifie
1485 4209 1587 4267 par
1617 4191 1666 4245 la
1700 4190 1863 4245 lettre
1893 4190 2199 4264 eloquente
2227 4188 2362 4264 qu'il
2396 4188 2594 4243 &crivit
2626 4192 2655 4244 ἐι
2694 4208 2749 4243 sa
2782 4188 2989 4243 semme

854 4286 904 4339 le
924 4283 1059 4363 jour
1088 4286 1157 4339 dc
1189 4305 1246 4339 sa
1279 4298 1442 4340 mort.
1475 4287 1723 4339 preuves
1751 4285 1781 4338 a
1812 4282 2085 4338 l'histoire
2114 4282 2183 4337 de
2219 4282 2384 4338 Louis
2414 4286 2494 4338 xl
2514 4329 2527 4353 ‚
2567 4303 2672 4359 par
2702 4281 2931 4337 Duclos..
