3400 5417
999 533 1116 590 294
1858 529 2241 591 nomeu
2262 576 2280 606 ,

998 662 1190 736 ditor
1239 679 1411 736 tunc
1443 664 1976 738 confessionum
2024 678 2178 738 erat
2200 722 2220 758 ,
2275 660 2668 763 plurimum
2728 683 3141 767 opportuna

999 793 1212 876 atque
1265 781 1666 854 necessaria
1714 777 2113 853 videbatur.
2156 783 2340 854 Sane
2372 807 2543 853 cum
2590 807 2725 880 pro
2757 807 2847 857 ea
2874 809 2962 856 re
2996 785 3143 856 vice

1002 907 1270 991 nostra,
1296 913 1578 998 captata
1597 900 2163 998 opportunitate,
2193 900 2692 999 compellasset
2712 917 2993 999 regem,
3022 899 3140 972 be-

1001 1014 1303 1110 nignum
1337 1016 1502 1086 satis
1543 1029 1758 1111 atque
1794 1008 2199 1087 humanum
2248 1023 2679 1114 responsum
2720 1017 3137 1116 reportavit.

1001 1135 1427 1234 Simpliciter
1474 1137 1668 1207 enim
1710 1130 2156 1207 concedebat
2191 1159 2311 1204 rex
2363 1137 2791 1208 reversionis
2820 1137 2901 1207 in
2944 1136 3145 1208 Fran·

1003 1251 1189 1322 ciam
1223 1266 1294 1322 et
1326 1251 1419 1322 ad
1465 1252 1743 1323 curiam
1779 1272 1983 1322 suam
2019 1247 2231 1322 nobis
2278 1237 2682 1324 facultatem
2704 1305 2725 1342 ,
2778 1253 3144 1351 promitte·

1000 1363 1267 1463 batque
1294 1422 1313 1458 ,
1361 1393 1526 1439 cum
1578 1367 1670 1440 ad
1723 1391 1892 1438 eum
1936 1365 2346 1438 veniremus
2376 1423 2395 1458 ,
2452 1391 2753 1439 omnem
2814 1370 3143 1468 praeteriti

1004 1484 1347 1583 temporis
1384 1481 1803 1555 condonare
1854 1483 2227 1580 injuriam,
2277 1508 2590 1580 nosque,
2639 1509 2773 1556 sua
2815 1483 3142 1579 indigna-

1004 1602 1201 1671 tione
1231 1615 1590 1674 summota
1616 1611 1685 1670 et
1713 1600 1982 1673 abolita
2006 1653 2026 1690 ,
2072 1597 2165 1671 ad
2196 1601 2495 1695 gratiam
2548 1625 2752 1671 suam
2800 1601 3138 1700 recipere.

1008 1717 1319 1812 injunxit
1355 1717 1644 1813 insuper
1679 1717 1973 1814 praesato
2007 1715 2397 1789 confessori
2440 1725 2571 1788 s'uo
2618 1727 2989 1814 quatenus
3032 1715 3125 1788 hu

997 1831 1320 1929 jusmodi
1353 1853 1555 1903 suam
1589 1833 2135 1929 responsionem
2168 1832 2261 1903 ad
2300 1838 2435 1902 ‘nos
2482 1827 2945 1902 confidenter
2992 1834 3147 1903 scri·

1007 1948 1210 2017 beret
1259 1975 1273 2015 :
1320 1947 1935 2042 quemadmodum
1993 1962 2062 2017 et
2114 1948 2262 2044 ipse
2312 1947 2542 2017 facere
2600 1948 2908 2018 curavit.
2982 1952 3145 2018 Nam

1009 2064 1230 2134 trinas
1257 2063 1588 2160 epistolas
1623 2065 1835 2134 variis
1862 2062 2140 2134 vicibus
2168 2062 2259 2133 ad
2295 2086 2429 2132 nos
2458 2063 2853 2132 transmisit
2890 2063 2991 2133 de
3028 2063 3150 2132 hac

1015 2164 1236 2274 gratia
1285 2193 1498 2274 atque
1540 2179 1764 2249 exsilii
1813 2179 2039 2248 nostri
2088 2177 2445 2247 solutione
2498 2199 2623 2246 seu
2670 2176 3143 2263 relaxatione,

1014 2321 1191 2392 quas
1229 2293 1423 2390 apud
1457 2319 1590 2364 nos
1619 2294 1859 2364 adhuc
1900 2315 2289 2364 servamus.

1113 2411 1393 2499 Quibus
1419 2411 1760 2506 susceptis
1789 2425 1860 2480 et
1881 2434 2010 2507 per
2034 2434 2153 2481 eas
2185 2409 2475 2504 cognito
2502 2407 2827 2504 benigno
2860 2424 2940 2481 et
2966 2435 3155 2480 man-

1015 2543 1217 2598 sueto
1259 2528 1442 2621 regis
1490 2550 1872 2624 respons0,
1921 2526 2138 2620 gavisi
2189 2540 2261 2595 et
2306 2525 2677 2597 exhilarati
2724 2525 2945 2597 valde
2997 2527 3154 2598 inde

1015 2645 1298 2714 fuimns.
1344 2648 1505 2713 Erat
1551 2643 1741 2712 circa
1785 2643 2038 2713 festum
2080 2640 2595 2739 purificationis
2623 2640 2852 2712 beata·
2886 2644 3151 2714 Mariae¹

1017 2759 1310 2856 quando
1322 2757 1820 2854 hujuscemodi
1842 2771 2073 2851 gratas
2087 2754 2297 2826 nohis
2311 2772 2381 2826 et
2392 2756 2873 2854 perjucundas
2892 2757 3153 2829 litteras

1017 2877 1440 2973 recepimus.
1469 2879 1554 2944 Et
1570 2875 1741 2969 quia
1758 2873 2088 2944 nondum
2105 2873 2375 2944 calores
2390 2873 2670 2944 molesti
2686 2873 2800 2943 vel
2812 2872 2909 2945 ad
2936 2875 3155 2945 seren-

1018 2991 1190 3060 dum
1224 2989 1546 3060 difficiles
1580 3004 1752 3059 tunc
1781 3002 2022 3079 erant,
2063 2987 2427 3058 studentes
2467 2988 2897 3085 ampliorem
2932 3013 2979 3060 a
3006 3015 3155 3083 rege

1016 3107 1311 3202 gratiam
1363 3106 1754 3202 promereri
1813 3105 2030 3202 paulo
2073 3104 2338 3174 diutius
2379 3105 2523 3175 illic
2558 3129 2690 3174 suo
2734 3105 2988 3176 adhuc
3028 3132 3156 3177 ser-

1015 3223 1188 3294 vitio
1248 3221 1667 3313 insistendo,
1708 3220 1840 3290 sibi
1893 3221 2302 3317 scripsimus
2354 3220 2655 3315 qualiter
2713 3220 2963 3292 adhuc
3021 3222 3155 3291 illic

1015 3365 1240 3434 usque
1303 3341 1394 3411 ad
1445 3339 1851 3436 proximum
1906 3337 2173 3407 Pascha
2226 3335 2528 3407 libenter
2579 3339 2653 3407 in
2696 3363 2833 3407 suo
2873 3339 3155 3408 servitio

1017 3482 1492 3544 moraremur,
1545 3479 1710 3524 cum
1768 3470 1933 3524 ante
1988 3453 2240 3523 festum
2281 3453 2694 3549 hujusmodi
2751 3456 2925 3525 satis
2968 3471 3157 3552 puta·

1019 3601 1253 3645 remus
1301 3599 1430 3643 nos
1469 3597 1672 3669 posse
1710 3571 2018 3667 perferre
2070 3569 2340 3640 calores
2378 3570 2616 3666 patriae
2661 3569 2941 3664 absque
2984 3573 3159 3668 peri·

1014 3691 1214 3776 culo3
1256 3704 1426 3758 tunc
1453 3701 1689 3757 autem
1731 3685 1821 3756 ad
1849 3709 2051 3755 suam
2082 3684 2522 3779 majestatem
2546 3683 3155 3780 accedendijuxta

1017 3806 1315 3900 gratiam
1373 3829 1414 3875 a
1468 3831 1540 3874 sc
1581 3802 1789 3873 nobis
1824 3803 2178 3872 indultam
2221 3803 2378 3892 iter,
2435 3806 2587 3871 Deo
2637 3801 2958 3890 favente,
2994 3803 3155 3872 arri-

1017 3946 1379 4017 peremus,
1419 3947 1552 4017 pro
1602 3943 1745 4015 qua
1799 3919 2121 4011 ingentes
2157 3916 2393 3986 eidem
2429 3917 2685 4010 gratias
2737 3917 3150 4010 agebamus.

1017 4042 1119 4106 lta
1154 4037 1345 4106 enim
1391 4061 1551 4106 eam
1585 4035 1944 4132 appellare
1994 4058 2277 4104 necesse
2316 4047 2420 4103 est
2462 4035 2563 4104 eis
2605 4033 2732 4129 qui
2764 4035 3019 4104 talium
3054 4059 3155 4102 re-

1101 4273 1157 4326 1.
1205 4275 1280 4324 La
1313 4269 1388 4324 tin
1423 4268 1494 4324 de
1521 4268 1748 4338 janvicr
1777 4289 1849 4323 ott
1884 4268 1937 4322 le
1965 4278 2461 4323 commencement
2487 4265 2560 4323 de
2591 4265 2807 4324 sevrier
2834 4269 3015 4326 ¹468.
