3400 5417
809 448 880 503 ¹2
1362 449 1881 505 HISTOMARUM
1918 447 2275 505 LUDovch
2315 450 2401 505 xl

801 596 1024 669 court,
1091 579 1542 651 afficerentur
1615 580 1710 652 ad
1768 579 2035 652 foedera
2095 605 2261 652 cum
2328 604 2489 675 rege
2538 604 2941 679 pacemque

802 695 1285 795 copulandam
1304 751 1321 786 ,
1347 698 1749 793 vellentque
1783 698 2280 795 principissam
2304 696 2641 769 inducere
2674 712 2748 767 et
2773 724 2939 773 sua-

804 814 970 886 dere
1006 812 1140 883 sibi
1203 811 1401 908 quod
1443 813 1516 885 in
1551 814 2005 909 conjugium,
2052 812 2249 911 quod
2285 836 2406 883 rex
2432 811 2887 886 desiderabat
2906 856 2933 913 9

803 954 1012 1000 suum
1041 930 1364 1001 animum
1397 930 1805 1016 inclinaret3
1847 944 1920 999 et
1945 927 2037 1001 de
2058 928 2301 1000 hocin
2319 928 2573 1023 vulgus
2600 930 2941 1003 Gauden-

803 1045 987 1117 sium
1009 1100 1028 1133 ,
1066 1045 1191 1141 qui
1225 1060 1377 1115 tum
1412 1046 1595 1116 inter
1641 1070 1717 1115 se
1772 1044 2158 1116 seditiones
2208 1060 2279 1116 et
2334 1044 2682 1115 tumultus
2732 1071 2935 1143 paene

792 1160 1056 1257 jugiter
1107 1161 1568 1249 exercebant,
1601 1185 1851 1232 rumor
1882 1161 2200 1247 exiisset,
2244 1160 2403 1231 illos
2431 1160 2616 1231 duos
2646 1185 2782 1257 pro
2817 1164 2937 1237 illa

800 1301 1056 1367 causa,
1090 1290 1434 1408 tanquam
1460 1278 1869 1375 capitalium
1909 1277 2292 1347 criminum
2316 1300 2503 1365 τεοῦ,
2539 1276 2939 1421 apprehen-

800 1394 1063 1465 derunt
1080 1409 1149 1467 et
1183 1395 1258 1464 in
1291 1418 1648 1466 carcerem
1673 1392 2182 1465 detruserunt¹.

899 1508 1177 1595 Quibus
1221 1509 1318 1580 ita
1382 1506 1842 1607 apprehensis
1866 1565 1885 1596 ,
1923 1509 2093 1603 quia
2136 1508 2415 1581 fuerant
2485 1512 2559 1582 in
2632 1514 2937 1587 consilio

801 1626 1118 1699 defuncti
1147 1626 1349 1698 ducis
1401 1625 1869 1724 principaleS,
1920 1627 2156 1697 statim
2184 1628 2513 1698 omnium
2552 1629 2771 1702 ferme
2803 1656 2938 1729 po·

800 1744 1158 1841 pularium
1171 1744 1297 1839 qui
1315 1741 1641 1813 Gandavi
1665 1740 2095 1813 exsistebant
2114 1742 2353 1839 (quos,
2370 1744 2485 1814 vel
2512 1745 2937 1840 injuriarum

802 1883 981 1956 quas
1011 1857 1147 1931 sub
1171 1858 1514 1930 defuncto
1549 1858 1937 1930 tolerarant
1957 1914 1977 1951 ,
2010 1860 2122 1930 vel
2150 1874 2381 1929 metus
2414 1884 2561 1957 quo
2591 1865 2937 1936 serviliter

802 1976 1023 2072 pressi
1050 1974 1364 2067 fuerant,
1400 1973 1807 2046 recordatio
1832 1972 2270 2070 stimulabat)
2301 2030 2319 2061 ,
2360 1975 2453 2045 ad
2484 2000 2609 2048 eos
2626 1979 2935 2076 perden-

803 2091 934 2164 dos
959 2108 1030 2164 et
1060 2117 1101 2163 e
1133 2091 1372 2163 medio
1407 2091 1765 2164 tollendos
1801 2090 1999 2161 furor
2026 2090 2458 2162 armabatur.

902 2212 988 2279 Et
1040 2232 1450 2305 quanquam
1503 2208 1622 2279 illa
1670 2208 1783 2278 vel
1846 2208 2153 2277 maxime
2179 2262 2197 2297 ,
2247 2231 2463 2302 quam
2524 2210 2896 2284 retulimus
2914 2271 2931 2305 ,

803 2348 1015 2396 causa
1065 2325 1345 2396 animos
1392 2323 1870 2394 multitudinis
1913 2322 2384 2393 verisimiliter
2437 2340 2792 2416 moveret,
2832 2341 2938 2398 ta-

807 2466 968 2511 men
1015 2439 1105 2510 de
1152 2439 1394 2512 multis
1433 2436 2028 2509 concussionibus
2055 2494 2073 2527 ,
2119 2436 2488 2510 fraudibus
2518 2455 2587 2510 et
2632 2465 2935 2539 corrup-

803 2555 994 2646 telis,
1052 2556 1399 2649 variisque
1449 2553 1603 2624 aliis
1635 2550 2092 2643 criminibus,
2137 2567 2388 2625 contra
2434 2554 2727 2625 eosdem
2760 2559 2934 2628 arti-

801 2672 941 2742 culi
997 2671 1324 2767 producti
1393 2683 1463 2741 et
1501 2668 1797 2740 exhibiti
1857 2668 2182 2759 suerunt,
2240 2671 2615 2742 consulatu
2685 2674 2935 2769 oppidi

802 2788 1224 2878 Gaudensis,
1259 2812 1381 2858 seu
1409 2787 1547 2857 loci
1577 2785 2126 2881 magistratibuS,
2151 2785 2285 2855 sibi
2314 2786 2403 2857 de
2436 2786 2936 2881 hujuscemodi

805 2902 1228 3001 [forisfactis]
1276 2903 1670 2999 plenariam
1714 2902 2282 2997 jurisdictionem
2329 2915 2399 2971 et
2446 2904 2936 2997 cognitionem

806 3017 1356 3090 vindicantibus.
1433 3022 1756 3111 Cumque
1821 3042 1931 3087 res
2004 3018 2155 3113 ipsa
2212 3031 2281 3085 et
2345 3016 2601 3111 agendi
2675 3018 2935 3090 modus

801 3136 1274 3233 principissae,
1317 3158 1473 3230 quae
1525 3133 1594 3202 in
1645 3133 1915 3230 oppido
1962 3156 2265 3230 praesens
2310 3147 2477 3201 tunc
2527 3132 2807 3224 aderat,
2862 3150 2932 3205 et

805 3276 934 3321 suo
971 3253 1266 3322 consilio
1297 3276 1441 3321 non
1479 3274 1733 3346 parum
1770 3248 2191 3346 displiceret,
2229 3250 2758 3343 requireretque
2778 3250 2932 3346 ipsa

807 3368 1263 3462 principissa,
1302 3380 1453 3434 tum
1490 3389 1614 3460 per
1647 3364 2131 3459 semetipsam,
2174 3378 2329 3432 tum
2362 3388 2488 3459 per
2527 3364 2815 3434 nuntios
2848 3390 2935 3436 ac

804 3483 1104 3575 legatOS,
1159 3482 1368 3551 variis
1421 3494 1491 3549 et
1533 3480 1657 3549 diu
1698 3503 1781 3547 ac
1830 3479 2238 3547 multotiens
2292 3482 2554 3550 iteratis
2610 3478 2927 3568 vicibuS,

805 3613 1152 3692 quatenus
1188 3594 1318 3665 sibi
1369 3596 1535 3665 dicti
1587 3595 1774 3691 capti
1825 3595 2377 3682 restituerentur,
2428 3610 2766 3688 tanquam
2801 3595 2933 3663 do-

809 3716 1012 3783 minae
1047 3727 1112 3781 et
1149 3713 1572 3808 principissa*
1613 3711 1877 3807 patriae,
1914 3712 2004 3781 ad
2038 3736 2253 3805 quam
2284 3711 2510 3781 solam
2536 3710 2933 3805 jurisdictio

806 3846 874 3901 et
929 3831 1241 3925 cognitio
1289 3828 1378 3899 de
1431 3827 1727 3922 objectis
1775 3827 1847 3895 in
1902 3854 2023 3897 eos
2067 3828 2483 3898 criminibus
2532 3842 2599 3897 et
2645 3851 2931 3897 accusa·

810 3947 1120 4018 tionibus
1157 3946 1535 4042 pertineret
1566 3946 1592 4038 (
1618 3959 1863 4040 utpote
1910 3946 2031 4039 qui
2074 3961 2141 4014 et
2179 3944 2512 4042 praecipui
2550 3944 2929 4013 consiliarii

892 4200 946 4251 1.
996 4199 1067 4252 19
1104 4213 1252 4250 mars
1287 4195 1462 4250 1477.
