3400 5417
937 471 1051 528 m
1238 425 1247 444 ⁸
1476 468 1990 526 msroamum
2028 468 2391 526 Luoovrm
2430 468 2520 525 x1

1032 605 1119 671 Et
1150 615 1499 697 quantum
1530 599 1825 697 quidem
1859 601 1954 672 ad
1997 601 2254 673 ducem
2282 599 2530 673 attinet
2563 599 2953 673 Clivensem
2981 617 3047 675 et

929 716 1405 812 Trajectenses
1423 771 1443 807 ‚
1498 738 1619 787 rex
1664 717 1983 787 accusari
2026 715 2120 788 de
2155 714 2297 787 fide
2343 717 2448 787 eis
2495 740 2646 787 non
2687 714 3046 791 observata

930 833 1227 903 minime
1263 830 1574 904 debebat
1598 884 1617 920 ,
1656 857 1822 903 cum
1866 857 2018 903 non
2053 848 2410 905 constaret
2457 856 2584 904 eos
2625 832 2852 904 ullum
2887 860 3045 908 cum

928 946 1187 1019 eodem
1220 946 1449 1019 soedus
1476 950 1924 1045 percussisse.
1967 948 2109 1019 Sed
2142 947 2337 1020 aliud
2384 947 2696 1021 fortassis
2731 951 3046 1023 aestimati

926 1063 1271 1160 potuisset
1302 1062 1393 1134 de
1421 1063 1545 1134 illo
1583 1065 1927 1159 sacrilego
1957 1065 2309 1162 parricida
2345 1064 2434 1135 de
2464 1062 2896 1153 Arenberch,
2931 1067 3047 1162 qui

926 1202 1014 1249 ex
1037 1178 1237 1274 jussu
1270 1193 1341 1250 et
1382 1178 1837 1255 ordinatione
1878 1182 2095 1275 regiS,
2147 1180 2241 1252 ad
2285 1181 2416 1252 iter
2446 1179 2582 1252 sibi
2618 1182 2942 1278 pervium
2978 1182 3046 1253 in

926 1292 1381 1367 Brabantiam
1403 1349 1421 1384 ‚
1451 1320 1578 1393 per
1616 1295 2119 1368 Leodiensium
2155 1311 2410 1385 terraS,
2449 1311 2660 1393 atque
2693 1322 2827 1367 suo
2861 1322 3047 1369 exer-

924 1410 1094 1481 citui
1130 1412 1596 1509 aperiendum
1622 1464 1641 1498 ‚
1684 1412 2137 1483 transmissus
2167 1411 2376 1483 fuisse
2416 1411 2656 1508 (quod
2679 1413 2849 1485 satis
2888 1416 3048 1485 veri·

922 1529 1152 1600 simile
1201 1553 1352 1602 esse
1405 1508 1733 1625 ridetur)
1782 1528 2181 1617 ferebatur3
2251 1530 2375 1601 sed
2425 1530 2500 1601 id
2549 1528 2842 1625 quidem
2895 1548 3048 1603 ante

922 1646 1119 1743 pacis
1166 1646 1434 1718 soedera
1484 1646 1855 1744 paululum
1907 1662 2070 1744 post
2123 1672 2288 1717 cum
2342 1646 2524 1717 duce
2575 1647 2866 1719 Austriae
2904 1673 3050 1744 per-

922 1785 1149 1833 cussa.
1199 1765 1330 1832 Per
1360 1787 1518 1857 quae
1544 1765 1562 1798 ¹
1596 1764 1763 1833 satis
1803 1777 2178 1859 appareret
2208 1787 2294 1832 ex
2344 1762 2457 1831 his
2481 1816 2498 1849 ‚
2541 1787 2698 1859 quae
2732 1763 3048 1860 proxime

920 1876 1323 1966 retulimuS,
1362 1876 1697 1950 eumdem
1727 1877 2137 1948 Arenberch
2163 1902 2206 1949 a
2231 1879 2478 1975 coeptis
2511 1902 2639 1975 per
2662 1902 2832 1947 eum
2868 1880 3051 1973 (etsi'

912 1993 1108 2088 jussu
1147 1993 1343 2089 regio
1379 2009 1625 2065 exorta
1658 1994 1990 2082 fuissent,
2025 1992 2639 2089 quemadmodum
2671 1994 2908 2065 verius
2937 2020 3049 2092 pu-

919 2109 1226 2199 tabatur,
1278 2109 1497 2207 idque
1532 2135 1773 2206 regem
1820 2113 2056 2207 ipsum
2101 2109 2386 2208 publice
2439 2110 2653 2182 etiam
2685 2112 3048 2205 agnovisse

919 2226 1386 2315 asserebatur,
1418 2227 1616 2323 quod
1652 2243 1883 2298 totum
1919 2227 2111 2321 jussu
2137 2229 2158 2263 ⁸
2182 2250 2313 2296 suo
2343 2226 2605 2298 factum
2637 2241 2822 2297 esset
2849 2226 3050 2323 quid-

918 2343 1092 2439 quid
1119 2343 1308 2413 idem
1340 2342 1750 2415 Arenberclz
1780 2343 2261 2442 patravisset),
2292 2368 2378 2413 ex
2417 2359 2587 2414 tunc
2620 2366 2863 2437 regem
2893 2368 3048 2414 eum

919 2458 1248 2531 desistere
1280 2461 1607 2531 voluisse.

1016 2577 1219 2672 Atqui
1264 2576 1424 2647 licet
1466 2600 1615 2647 non
1673 2576 1976 2646 nesciret
2029 2601 2102 2645 se
2163 2575 2285 2646 tali
2331 2573 2594 2645 soedere
2642 2599 2769 2671 per
2817 2600 3047 2671 regem

919 2690 1130 2761 fuisse
1194 2691 1612 2763 derelictum
1686 2692 2231 2787 expositumque
2294 2691 2458 2761 duci
2532 2692 2820 2761 Austriae
2842 2745 2863 2780 ,
2941 2693 3046 2763 cui

916 2808 1129 2877 etiam
1171 2808 1262 2879 ad
1314 2834 1481 2878 eum
1534 2808 2048 2906 proterendum
2108 2833 2192 2879 ac
2252 2807 2782 2904 profligandum
2841 2835 3046 2908 opem

916 2923 1223 2993 laturum
1251 2924 1608 3023 pollicitus
1636 2939 1827 3011 erat,
1866 2949 2012 2993 non
2053 2939 2291 2995 tamen
2316 2924 2555 2995 adhuc
2581 2923 2849 2995 destitit
2882 2928 3044 3022 quin

914 3040 1268 3111 civitatem
1309 3057 1378 3112 et
1416 3041 1768 3139 oppidum
1806 3047 2134 3137 Hoyense
2162 3046 2181 3078 ¹·
2213 3068 2378 3112 cum
2419 3042 2786 3112 nonnullis
2808 3044 3048 3116 castel-

915 3158 998 3228 lis
1028 3160 1419 3230 retinuerit.
1474 3163 1659 3230 Sane
1707 3185 1870 3230 cum
1919 3158 2432 3229 Brabantiones
2475 3158 2566 3229 ad
2600 3183 2768 3229 eum
2816 3160 2933 3232 vel
2979 3162 3043 3229 in

914 3278 1157 3371 Hoyo‚
1215 3275 1338 3345 ubi
1381 3276 1743 3366 adstabat,
1793 3275 2351 3372 expugnandum
2410 3275 2517 3345 vel
2568 3273 3044 3348 obsidendum

912 3391 1099 3464 circa
1117 3392 1265 3463 duo
1287 3394 1611 3464 milliaria
1637 3418 1865 3491 prope
1887 3391 2158 3463 dictum
2186 3391 2534 3488 oppidum
2564 3392 3040 3477 accessissent,

913 3505 1060 3601 ipse
1089 3508 1465 3601 sacrilegus
1500 3507 1574 3576 id
1612 3506 1992 3603 pervidens
2018 3560 2035 3593 ‚
2077 3505 2192 3576 die
2229 3506 2510 3577 decima
2545 3521 2739 3578 sexta
2788 3509 3044 3579 mensis

914 3622 1143 3693 martii
1183 3647 1376 3694 anno
1412 3624 1708 3694 Domini
1748 3647 2286 3709 Mccccnxxxm,
2347 3647 2512 3692 cum
2565 3623 2647 3693 iis
2689 3647 2868 3717 quas
2913 3624 3045 3694 col·

912 3737 1124 3832 ligere
1163 3755 1490 3836 potuerat
1531 3740 1756 3836 copiis
1780 3796 1799 3831 ,
1845 3755 1988 3809 tam
2030 3739 2482 3810 rutherorum
2520 3762 2738 3833 quam
2773 3740 3038 3810 incola-

998 3960 1048 4011 1.
1098 3956 1395 4012 Peut-‹'·tre
1424 3976 1616 4031 quam.

990 4053 1047 4104 2.
1096 4048 1393 4105 Matthaeus
1424 4062 1476 4104 ct
1504 4054 1644 4107 sine.

992 4144 1046 4197 3.
1097 4140 1393 4197 Matthaeus
1423 4148 1655 4212 injussu.

992 4239 1049 4292 4.
1101 4241 1204 4291 Ms.
1243 4239 1510 4310 Hoyeum.
