3400 5417
1042 522 1263 583 LIBER
1317 522 1617 581 SEXTUS.
2325 524 2399 583 19

287 659 588 757 gal-diam
617 656 974 756 [haberet]
995 712 1014 749 ,
1049 659 1262 731 etiam
1295 657 1527 729 inanis
1545 670 1757 751 atque
1784 655 1945 727 sine·
1958 654 2189 727 fructu
2210 658 2399 728 Gan-

287 771 538 843 davum
553 826 574 863 ‚
611 773 929 843 reverso¹
956 769 1206 841 itinere
1229 824 1248 861 ‚
1306 768 1541 839 rediit.

987 1019 1502 1089 CAPITULUM
1552 1021 1675 1088 Vl.

289 1202 358 1252 De
381 1198 639 1269 legatione
669 1197 1003 1269 imperatoris
1025 1196 1292 1251 Frederici
1316 1196 1472 1249 missa
1506 1194 1825 1250 Gandnvum
1843 1236 1860 1262 ,
1890 1210 1942 1250 et
1967 1196 2035 1251 de
2065 1201 2409 1257 matrimonio

351 1281 483 1335 inter
533 1279 904 1353 principissam
923 1322 938 1347 ,
981 1294 1290 1352 praesentem
1313 1321 1328 1346 ,
1382 1293 1434 1333 et
1472 1280 1931 1349 Maximiliauum,
1981 1301 2079 1354 per
2116 1284 2408 1355 legitimum

349 1380 746 1439 procuratorem
765 1408 780 1437 ,
807 1384 906 1437 per
933 1367 1094 1419 verba
1117 1364 1184 1418 de
1206 1364 1449 1437 prasenti
1473 1377 1770 1422 contracto.

377 1527 606 1620 Unde,
646 1552 813 1599 cum
845 1526 998 1598 haec
1031 1527 1128 1598 ita
1150 1526 1242 1598 de
1273 1525 1705 1623 principissae
1740 1540 1921 1597 statu
1972 1553 2407 1627 suarumque

291 1660 626 1717 terrarum
687 1644 820 1717 sub
889 1645 1100 1716 variis
1158 1643 1588 1741 opinionum
1654 1642 2139 1716 humanarum
2206 1644 2414 1719 affec-

295 1761 594 1833 tionibus
661 1760 1087 1831 fluctuarent
1108 1811 1127 1848 ,
1192 1757 1698 1832 illustrissimus
1756 1759 2204 1853 Fredericus,
2268 1762 2413 1832 dux

293 1877 568 1947 Austriae
639 1878 1272 1970 Romanorumque
1337 1875 1750 1971 imperator,
1821 1902 1968 1948 non
2033 1880 2414 1951 immemor

294 1992 753 2088 sponsionum
787 2005 856 2060 et
894 1990 1343 2087 pactionum,
1389 2014 1546 2085 quae
1577 1991 1764 2060 inter
1804 2016 1877 2061 se
1925 2007 1997 2063 et
2035 1995 2407 2087 Carolum‚

295 2107 700 2178 defunctum
751 2121 1024 2203 patrem
1083 2104 1401 2198 ejusdem
1459 2106 1925 2203 principissae,
1976 2110 2193 2206 paulo
2250 2126 2414 2183 ante

297 2220 534 2293 habitae
591 2223 869 2293 fuerant
899 2225 920 2257 ¹
945 2278 962 2312 ‚
1015 2222 1181 2291 licet
1233 2235 1504 2291 remote
1564 2245 1780 2316 agens
1829 2224 2025 2320 apud
2065 2226 2417 2298 Viennam

299 2338 603 2428 Austriae,
644 2337 912 2431 legatos
945 2360 1112 2405 suos
1163 2334 1538 2405 destinavit
1573 2336 1999 2408 Gandavum
2039 2339 2131 2411 ad
2163 2341 2418 2437 princi-

299 2454 539 2549 pissam
577 2466 652 2523 ct
684 2452 1061 2550 deputatos
1111 2466 1459 2522 terrarum
1504 2475 1796 2523 suarum
1817 2508 1836 2542 ‚
1898 2456 2057 2549 qui,
2105 2456 2209 2526 uti
2245 2457 2418 2528 dixi·

299 2593 477 2660 mus,
517 2569 644 2640 illo
677 2582 1187 2639 convenerant.

387 2690 600 2757 Erant
667 2699 905 2756 autem
972 2683 1397 2781 principales
1456 2683 1527 2752 in
1585 2706 1668 2754 ea
1724 2686 2074 2780 legatione
2132 2690 2415 2764 illustris

301 2802 724 2892 Ludovicus,
768 2800 911 2871 dux
951 2800 1298 2890 Bavariae‚
1354 2813 1423 2868 et
1476 2800 1853 2898 episcopus
1890 2807 2246 2895 Metensis,
2287 2811 2412 2904 qui

298 2932 358 2987 et
390 2918 532 3017 ipse
565 2932 722 2989 erat
778 2915 870 2987 de
939 2915 1186 2986 illustri
1251 2914 1513 2985 familia
1573 2940 1657 2987 ac
1693 2920 2023 3016 prosapia
2058 2924 2412 2995 marchio·

370 3154 422 3210 1.
468 3151 667 3208 Plutot
697 3168 964 3204 remenso,

369 3248 424 3301 2.
469 3246 766 3311 L'auteur‚
785 3254 839 3297 et
863 3254 985 3297 tout
1010 3241 1062 3297 18
1083 3242 1292 3298 monde
1304 3241 1534 3319 jnsqu’a
1547 3261 1642 3299 ces
1660 3241 1916 3301 derniers
1937 3259 2141 3323 tempS,
2165 3268 2199 3305 a
2213 3249 2412 3327 ignore

299 3337 424 3415 qu’il
443 3337 596 3395 avait
625 3335 717 3391 ete
738 3334 998 3410 question
1020 3332 1090 3389 de
1111 3353 1176 3390 ce
1197 3334 1443 3410 mariage
1463 3334 1562 3390 dcs
1592 3334 1817 3392 l'annce
1849 3341 2025 3395 1470.
2050 3341 2182 3398 Cela
2204 3344 2415 3403 resulte

300 3433 389 3489 des
424 3432 654 3509 papiers
690 3418 877 3485 d’Etat
919 3448 1032 3503 que
1064 3426 1410 3485 l'Acadi-inie
1437 3430 1741 3505 Imperiale
1778 3430 1849 3486 de
1878 3432 2093 3490 Vienne
2120 3456 2153 3492 a
2191 3436 2415 3513 publies

301 3527 640 3581 reccmment
667 3541 802 3578 sous
831 3521 884 3577 le
913 3521 1039 3575 titre
1067 3520 1138 3577 de
1158 3524 1524 3577 ,Monwnenta
1545 3520 1932 3599 Habsburgica
1955 3530 2050 3595 (ν’
2078 3541 2243 3599 sect„
2272 3544 2311 3587 t.
2340 3535 2409 3605 1).

298 3621 548 3694 Rompue
586 3617 758 3693 apres
805 3613 1117 3670 l'entrevue
1155 3613 1227 3670 de
1259 3616 1497 3685 T1·t⁴’.ves‚
1537 3628 1685 3671 cette
1720 3616 1961 3674 alliance
1988 3618 2080 3675 fut
2106 3623 2311 3679 remise
2341 3644 2413 3680 en

301 3723 461 3767 avant
487 3712 521 3766 ὲ
550 3709 606 3765 la
637 3707 774 3785 paix
800 3704 872 3761 de
897 3710 1097 3773 Neuss,
1128 3720 1184 3762 et
1210 3707 1261 3762 le
1292 3710 1325 3762 6
1347 3708 1456 3764 mai
1490 3712 1644 3765 1476
1681 3708 1734 3764 18
1760 3708 1870 3765 duc
1900 3711 1952 3766 la
1974 3710 2169 3788 publia
2195 3734 2419 3775 comme

303 3802 499 3858 devant
529 3822 590 3858 se
630 3800 772 3857 faire
798 3802 830 3854 Ξι
859 3798 1107 3875 Cologne
1137 3803 1168 3855 a
1200 3800 1252 3856 la
1287 3802 1362 3856 fin
1393 3800 1464 3857 de
1503 3801 1728 3859 l'annee
1749 3848 1765 3875 ,
1799 3802 1849 3857 18
1880 3803 2014 3873 jour
2042 3804 2113 3861 de
2143 3807 2196 3863 la
2230 3810 2415 3867 Saint-

305 3896 518 3954 Martin.
566 3895 722 3951 C'est
750 3896 781 3949 a
808 3906 955 3950 cette
991 3892 1340 3970 publication
1379 3915 1490 3970 que
1518 3916 1577 3951 se
1608 3909 1942 3973 rapportent
1979 3899 2057 3955 les
2098 3903 2319 3977 μευ-0185
2348 3907 2419 3962 (18

301 3988 536 4045 Thomas
576 3986 772 4046 Basin.
818 3990 926 4042 Les
981 3986 1316 4042 documents
1366 3988 1711 4045 autrichiens
1752 3991 2119 4049 contiennent
2178 3995 2248 4052 (18
2296 3998 2422 4073 plus

307 4101 409 4138 une
447 4084 613 4139 lettre
659 4082 993 4158 desespcree
1043 4081 1114 4138 de
1157 4081 1210 4136 la
1249 4081 1536 4157 princesse
1579 4085 1611 4137 ἐι
1656 4103 1758 4139 son
1802 4086 2013 4155 fiance,
2056 4108 2126 4143 en
2170 4092 2299 4149 date
2346 4094 2420 4148 du

303 4180 372 4231 26
403 4196 552 4232 mars
604 4179 785 4243 1477,
833 4194 978 4251 pour
1016 4173 1154 4250 qu'il
1202 4193 1262 4231 se
1307 4194 1499 4251 presse
1537 4174 1608 4231 de
1653 4177 1835 4245 venir,
1884 4179 1967 4234 s'il
2015 4200 2086 4234 ne·
2142 4200 2267 4239 seut
2321 4208 2421 4262 μω,

304 4268 500 4341 qu'elle
530 4269 641 4324 soit
676 4268 999 4343 depouillee
1027 4269 1096 4323 de
1124 4288 1226 4323 >on
1254 4267 1528 4345 heritage.
