3400 5417
887 521 1005 578 266
1750 521 2130 580 APOLOGu
2143 561 2163 594 ,

885 652 1122 750 datis),
1161 653 1354 726 illico
1385 652 1578 726 idem
1611 654 1760 726 dux
1784 654 2149 729 civitatem
2169 655 2551 750 ingressuS,
2592 679 2859 751 magno
2898 682 3035 728 nu-

883 789 1086 837 mero
1123 767 1486 862 regiorum
1529 765 1845 838 militum
1882 767 2215 864 stipatu5‚
2279 790 2441 838 eam
2484 769 2793 858 nomine,
2842 770 3033 864 regis

884 877 1264 976 occupavit
1310 892 1522 974 atque
1561 878 1938 976 intercepit
1959 880 2007 972 ¹,
2042 892 2149 972 et,
2193 877 2438 978 ejectis
2476 869 2819 978 praesidiis
2868 904 3034 977 quae

881 1015 968 1066 ex
999 1008 1204 1092 parte
1246 991 1452 1065 ducis
1493 994 1948 1067 Normanniae
1977 983 2124 1068 illic
2172 994 2407 1067 locata
2440 992 2758 1087 fuerant,
2809 992 3029 1070 simul

880 1109 1096 1181 etiam
1127 1124 1199 1184 et
1231 1110 1497 1182 caeteris
1528 1099 1850 1207 ejusdem
1878 1101 2262 1224 officiariis?
2294 1107 2751 1209 capitaneum
2769 1125 2849 1182 et
2875 1107 3030 1186 bal-

877 1225 1104 1297 livum
1125 1240 1561 1324 caeterosque
1595 1217 1981 1302 officiarios
2011 1215 2104 1300 ad
2127 1217 2427 1299 civitatis
2459 1242 2532 1299 et
2564 1227 2813 1326 patriae
2845 1229 3031 1324 regi-

878 1365 1046 1412 men
1102 1367 1332 1413 novos
1381 1342 1566 1436 regis
1607 1342 1903 1414 nomine
1956 1343 2291 1434 instituit,
2338 1343 2618 1438 magnis
2658 1343 2885 1416 etiam
2938 1367 3027 1414 ex

875 1458 1088 1552 regiis
1119 1457 1462 1530 militibus
1515 1451 1660 1532 illic
1709 1459 1939 1557 copiis
1994 1458 2442 1532 introductis.
2496 1455 2581 1528 Et
2628 1459 2729 1531 ita
2778 1459 3023 1556 palam

877 1571 1143 1643 sactum
1176 1573 1309 1644 fuit
1351 1572 1639 1670 qualem
1685 1573 2015 1646 animum
2063 1571 2157 1646 ad
2189 1563 2561 1672 praefatum
2594 1598 3024 1669 germanum

875 1713 1111 1782 suum,
1160 1688 1422 1761 ducem
1461 1692 1947 1784 Normanniae‚
1985 1715 2111 1763 rex
2140 1705 2450 1788 gereret,
2497 1716 2719 1789 quem
2758 1685 3025 1765 talibus

874 1799 1484 1880 circumveniebat
1520 1807 1731 1880 dolis.

971 1925 1280 2022 Hujusce
1321 1927 1561 2022 itaque
1594 1925 1746 1998 doli
1779 1950 1864 1998 ac
1896 1920 2325 2024 proditionis
2359 1941 2858 2000 commentum
2891 1927 3023 2001 ad-

873 2065 1116 2113 versus
1144 2038 1695 2114 illustrissimum
1728 2040 1989 2113 ducem
2014 2042 2469 2113 Normanniae
2502 2042 2911 2142 turpissime
2940 2069 3023 2117 ac

873 2155 1212 2227 scelerate
1247 2169 1621 2228 exsecutus
1653 2167 1761 2226 est
1796 2178 1882 2227 ac
1926 2149 2235 2254 patravit
2273 2144 2464 2227 idem
2496 2151 2839 2227 Borbonii
2872 2157 3021 2230 dux

873 2269 1007 2342 sub
1069 2269 1524 2344 fraudulenta
1572 2269 2031 2343 simulatione
2080 2269 2277 2368 quod
2298 2326 2317 2363 ,
2359 2285 2706 2369 tanquam
2742 2267 3019 2368 legatus

872 2393 1111 2490 pacis,
1157 2418 1202 2466 a
1233 2416 1397 2488 rege
1430 2391 1524 2466 ad
1565 2381 1905 2466 eumdem
1935 2393 2387 2465 transmissus
2417 2392 2633 2484 foret3
2676 2396 2842 2492 qui,
2884 2396 3019 2468 sibi

871 2511 1118 2607 paucis
1152 2524 1320 2582 ante
1353 2507 1610 2582 diebus
1642 2509 2040 2582 arctissimo
2078 2507 2342 2580 foedere
2372 2506 2773 2602 devinctus,
2795 2511 3017 2608 ipsius

872 2627 1168 2697 nomine
1217 2625 1476 2698 urbem
1525 2625 2057 2722 Rothomagum
2085 2625 2437 2724 pluraque
2470 2628 2716 2726 patriae
2742 2628 3015 2728 oppida

870 2755 1084 2836 atque
1114 2757 1312 2814 arces
1337 2743 1412 2813 in
1450 2741 1897 2814 deditionem
1927 2756 2317 2840 receperat.
2357 2740 2575 2829 Quod
2621 2757 2866 2816 autem
2901 2769 3015 2818 ac·

873 2870 1029 2928 tum
1059 2858 1092 2926 s
1087 2859 1190 2928 uit
1212 2859 1286 2929 in
1319 2855 1867 2930 Ebroicensium
1895 2859 2206 2950 civitate,
2244 2883 2395 2930 non
2416 2884 2621 2932 secus
2642 2858 3011 2935 actitatum

867 2989 974 3046 est
998 2989 1071 3045 et
1101 2974 1175 3044 in
1213 2977 1550 3046 Vernone
1585 2976 1859 3075 oppido
1880 3031 1901 3068 ‚
1942 2975 2035 3048 ab
2079 2973 2335 3046 eadem
2366 2975 2648 3047 civitate
2688 2991 2761 3047 et
2790 2982 3013 3051 Loco·

867 3090 1068 3160 Veris
1104 3114 1253 3160 non
1290 3090 1595 3188 amplius
1627 3093 1948 3188 quinque
1977 3091 2199 3163 leucis
2237 3089 2570 3168 distante.
2603 3093 2788 3163 Sunt
2820 3096 3013 3167 enim

870 3207 999 3277 tria
1034 3206 1533 3301 hujuscemodi
1568 3208 1765 3279 velut
1812 3209 1888 3278 in
1936 3207 2293 3304 triangulo
2332 3207 2744 3303 aequilatero
2784 3235 3011 3309 prope

870 3323 1175 3394 invicem
1212 3325 1369 3396 sita.
1415 3327 1596 3396 Nam
1633 3349 1717 3396 ex
1754 3323 2075 3397 Ebroicis
2102 3323 2225 3394 illo
2261 3322 2406 3396 dux
2439 3324 2630 3396 idem
2664 3326 3009 3398 Borbonii

869 3441 1265 3535 trajiciens,
1307 3442 1546 3538 ipsum
1593 3440 1945 3539 oppidum
1990 3446 2051 3510 V
2055 3466 2404 3512 emonem
2445 3442 2769 3514 similiter
2797 3445 3009 3514 inter-

869 3559 1094 3653 cepit,
1128 3559 1485 3652 similique
1513 3559 1957 3630 vaframento
1995 3557 2163 3629 duci
2200 3558 2655 3629 Normanniae
2689 3559 3003 3631 abstulit.

967 3673 1105 3742 Sed
1139 3688 1242 3766 et,
1282 3689 1360 3744 ut
1411 3688 1606 3744 certo
1640 3675 2157 3768 cognovimus,
2207 3699 2331 3746 rex
2382 3673 2474 3745 ad
2517 3673 2760 3773 plures
2808 3677 3009 3747 villas

869 3789 1429 3885 circumquaque
1455 3791 1727 3861 dictum
1736 3731 2119 3889 Doppidum
2140 3791 2404 3862 Loci-V
2410 3792 2546 3861 eris
2573 3792 2647 3862 in
2678 3816 2830 3888 quo
2860 3806 3007 3862 erat

870 3905 1083 3975 frater
1127 3931 1329 3996 suuS,
1375 3911 1781 4004 opperienS,
1828 3909 1929 3977 uti
1981 3907 2323 4001 diximuS,
2369 3908 2765 3980 adventum
2818 3907 3004 4003 lega-

951 4089 1008 4146 1.
1053 4089 1366 4162 Comparer
1407 4085 1458 4144 le
1495 4086 1638 4144 recit
1675 4087 1753 4144 du
1796 4089 1985 4143 meme
2014 4085 2116 4144 fait
2151 4086 2280 4158 deja
2320 4086 2594 4164 rapport&
2634 4085 2779 4143 dans
2822 4086 2999 4144 l’ffis-

869 4179 1012 4238 toire
1043 4178 1130 4262 ‹lu-
1151 4180 1328 4257 regne
1362 4179 1432 4237 de
1463 4180 1630 4238 Louis
1659 4183 1772 4252 XI,
1809 4193 1850 4242 t.
1885 4184 1939 4238 Π
1961 4223 1975 4251 ,
2008 4201 2069 4258 p.
2104 4183 2252 4248 153,
2282 4193 2339 4238 et
2368 4181 2451 4238 les
2482 4180 2744 4238 versions
2773 4194 3000 4238 contra-

867 4273 1135 4332 dictoires
1163 4275 1496 4351 rapportees
1529 4294 1599 4332 en
1631 4288 1786 4332 note.
