3400 5417
933 523 1049 580 252
1767 527 2144 586 APOLOGIA
2164 571 2181 599 ,

932 655 1210 729 efficere
1249 659 1455 731 vellet
1489 674 1700 754 atque
1733 674 2036 758 optaret,
2084 661 2177 733 ab
2214 663 2315 735 eis
2358 663 2484 758 qui
2516 661 2903 734 audiissent
2930 685 3055 759 po-

932 790 1108 848 terat
1141 777 1548 872 conjectari,
1586 779 2138 850 existimavimus
2164 777 2663 851 recusandum.

1035 894 1200 965 Vale
1226 894 1466 989 itaque
1495 893 1630 965 sibi
1658 894 1845 967 facto
1872 919 2006 992 pro
2032 920 2118 967 ea
2148 896 2330 988 vice,
2369 921 2537 967 cum
2560 920 2647 966 ex
2672 897 3052 966 Remorum

929 1005 1109 1078 urbe
1168 1032 1302 1078 nos
1347 1009 1438 1081 ad
1477 1010 1941 1080 Parisiensem
1990 1011 2535 1082 contulissemus
2586 1009 2751 1106 (ubi
2772 1065 2791 1098 ,
2842 1013 3053 1104 gratia

929 1124 1176 1217 vestri,
1216 1138 1389 1194 tunc
1421 1149 1551 1196 nos
1583 1125 1878 1196 duxistis
1920 1125 2389 1222 visitandos),
2423 1140 2496 1197 et
2540 1125 2685 1196 illic
2718 1151 2932 1196 suum
2968 1128 3051 1197 ad

929 1239 1257 1310 eamdem
1333 1264 1534 1311 suam
1605 1241 2069 1343 parisiensem
2132 1243 2402 1337 regiam
2470 1242 2871 1336 ingressum
2936 1267 3055 1338 per

931 1355 1169 1451 plures
1205 1356 1355 1428 dies
1385 1358 1907 1454 opperiremur,
1937 1384 2102 1431 cum
2131 1359 2256 1429 diu
2281 1359 2445 1430 satis
2477 1382 2691 1455 super
2719 1357 2879 1455 ipsa
2906 1382 3051 1428 ma-

931 1471 1107 1541 teria
1141 1474 1683 1567 cogitassemuS,
1743 1489 1813 1544 et
1862 1474 1953 1546 de
1986 1499 2070 1546 ea
2106 1499 2274 1545 cum
2304 1472 2662 1570 aliquibus
2699 1458 2870 1543 Giris
2900 1499 3051 1570 pru-

930 1582 1262 1656 dentibus
1343 1588 2110 1681 communicassemus,
2179 1589 2472 1659 tandem
2540 1588 2907 1658 calamum
2967 1586 3049 1657 ad

929 1699 1418 1771 mandandum
1466 1703 1714 1773 litteris
1766 1706 2022 1774 mentis
2071 1719 2326 1774 nostrae
2374 1716 2813 1800 conceptum
2860 1717 3053 1773 cartae

928 1814 1400 1886 admovimus.
1450 1822 1706 1888 Parum
1740 1820 1933 1889 enim
1984 1833 2052 1888 et
2094 1817 2363 1915 absque
2408 1817 2643 1889 fructu
2679 1818 3051 1887 consilium

928 1929 1078 1999 sore
1115 1930 1646 2028 reputabamus,
1673 1933 1898 2026 quod,
1920 1931 2157 2004 verbis
2191 1933 2263 2003 in
2299 1957 2459 2003 aere
2484 1932 2577 2003 ad
2604 1947 3051 2002 momentum

927 2046 1349 2116 sonantibus
1397 2048 1821 2143 praestitum,
1876 2074 2015 2145 pro
2072 2049 2467 2142 ingentium
2522 2063 2697 2118 tunc
2748 2049 3055 2118 multitu·

928 2159 1095 2232 dine
1138 2187 1374 2232 rerum
1414 2162 1856 2257 agendarum
1902 2189 2057 2260 quae
2089 2189 2240 2235 sese
2268 2189 2467 2261 paene
2496 2165 2898 2234 innumerae
2930 2163 3053 2233 sibi

928 2275 1356 2367 offerebant,
1406 2277 1595 2349 elabi
1652 2277 1857 2349 facile
1904 2304 1947 2350 a
1994 2281 2342 2349 memoria
2391 2279 2540 2374 ejus
2584 2278 3054 2348 verisimiliter

925 2393 1291 2486 potuisset.
1349 2394 1573 2464 Simul
1621 2395 1834 2464 etiam
1892 2395 2057 2466 satis
2113 2407 2559 2491 compertum
2610 2391 3055 2464 habebamus

926 2519 1069 2576 tam
1121 2509 1409 2604 prolixae
1454 2511 1797 2582 orationis
1837 2510 2309 2599 audientiam,
2363 2523 2715 2606 quantum
2772 2534 2911 2605 pro
2954 2511 3053 2579 sui

925 2624 1414 2718 magnitudine
1448 2651 1558 2695 res
1591 2627 1742 2722 ipsa
1781 2628 2245 2723 poposcisset,
2287 2625 2699 2697 difficillime
2736 2640 2914 2696 tunc
2942 2626 3055 2696 ob-

924 2738 1146 2809 tinere
1177 2742 1513 2837 potuisse.
1569 2740 1916 2812 Libellum
1968 2743 2181 2836 igitur
2241 2741 2333 2813 ad
2388 2740 2692 2811 modum
2742 2742 3053 2812 oratiun-

922 2855 1097 2925 culae
1142 2856 1233 2926 ad
1280 2882 1446 2926 eum
1495 2857 1718 2928 latino
1771 2883 2099 2929 sermone
2160 2857 2550 2945 edidimuS,
2589 2857 2799 2950 cujus
2852 2858 3055 2927 etiam

921 2973 1340 3042 sententiam
1399 2986 1611 3068 atque
1673 2999 2027 3044 summam
2096 2973 2347 3067 gallico
2408 2974 2681 3067 vulgari
2752 2972 3056 3044 breviter

925 3089 1485 3183 perstrinximus.

1020 3206 1100 3271 ln
1133 3228 1278 3300 quo
1331 3206 1573 3278 libello
1609 3231 1775 3276 cum
1820 3205 1911 3277 ad
1970 3205 2440 3295 medendum,
2502 3201 2720 3272 veluti
2766 3202 3054 3296 alicujus

923 3322 1224 3412 graviter
1255 3324 1657 3416 aegrotantis
1679 3380 1696 3414 ,
1754 3337 1899 3393 tam
1933 3321 2281 3418 depressi,
2334 3319 2667 3416 pauperis
2694 3332 2771 3387 et
2807 3317 3049 3412 abjecti

923 3438 1169 3531 populi
1213 3440 1428 3507 totius
1462 3440 1656 3533 regni
1695 3443 2133 3508 Francorum.
2166 3434 2655 3528 languoribuS,
2695 3447 3055 3503 tantorum

921 3552 1274 3622 malorum
1337 3579 1622 3643 causas',
1688 3553 1882 3623 unde
1942 3567 2135 3622 tanta
2201 3551 2367 3647 ipsis
2434 3549 2721 3646 populis
2780 3551 3056 3619 miseria

920 3680 1131 3761 atque
1158 3669 1396 3764 inopia
1423 3669 1913 3766 provenissent
1941 3681 2609 3764 perseverarentque
2638 3664 2710 3732 in
2738 3664 2892 3734 dies
2914 3687 3061 3760 per-

921 3797 1396 3852 scrutaremur
1431 3786 1637 3879 (nam
1685 3782 1885 3879 quod
1922 3806 2219 3875 regnum
2251 3796 2323 3851 et
2360 3779 2616 3850 accolae
2665 3779 2821 3873 ejus
2858 3781 3059 3849 tantis

921 3898 1364 3992 subjacerent
1395 3901 1595 3968 malis
1629 3915 1699 3969 et
1734 3898 2276 3988 calamitatibus,
2306 3922 2465 3992 quae
2498 3898 2606 3966 vix
2640 3896 2794 3966 ulla
2824 3896 3057 3966 elocu-

921 4018 1114 4085 tione
1163 4015 1516 4109 adaequari
1572 4031 1900 4112 possent,
1953 4030 2031 4083 ut
2087 4015 2151 4084 ei
2205 4013 2728 4110 approbaretur
2768 4013 3055 4082 minime

918 4133 1396 4203 laborandum
1424 4147 1599 4218 erat,
1631 4132 1755 4201 sed
1794 4155 2312 4227 supervacuum
2344 4130 2625 4226 penitus
2656 4130 3050 4215 exstitisset,

927 4269 1092 4313 cum
1141 4245 1359 4340 ipsius
1404 4244 1811 4312 testimonio
1848 4268 1958 4311 res
2004 4245 2100 4312 ita
2139 4240 2271 4311 sibi
2320 4242 2707 4337 conspicua
2756 4257 2829 4309 et
2862 4263 3052 4308 com-
