3400 5417
1240 513 1460 571 LIBER
1515 502 1817 570 PRIMUS.
2485 510 2602 568 29⁹

571 645 883 718 Perfecta
908 670 1079 717 vero
1103 660 1317 741 atque
1342 645 1670 743 expedita
1689 645 2071 742 legatione,
2104 661 2175 718 et
2206 645 2441 735 rebus,
2471 671 2604 744 pro

467 760 730 857 quibus
781 763 974 832 missi
1033 786 1347 850 eramus,
1399 759 1494 832 ad
1535 764 1719 858 regis
1766 762 2109 833 mittentis
2164 763 2604 833 voluntatem

464 877 782 976 expletiS‚
814 878 954 948 laeti
992 893 1375 974 utcumque
1403 891 1474 947 et
1499 877 1791 965 alacres,
1827 891 2214 974 sperantes,
2248 877 2608 974 obsequiis

461 1008 536 1063 et
566 989 937 1064 laboribus
974 991 1396 1090 perfunctiS,
1453 992 1881 1064 nonnullam
1932 989 2127 1091 apud
2167 1018 2409 1091 regem
2457 1016 2610 1089 gra-

463 1110 639 1180 tiam
673 1109 1136 1206 conquisiisse
1168 1124 1380 1205 atque
1411 1109 1733 1179 invenire
1762 1107 2049 1198 debere,
2099 1110 2607 1206 Per-pinianum

461 1225 830 1312 rediimuS‚
868 1226 1037 1296 licet
1063 1250 1152 1296 ex
1173 1223 1421 1296 labore
1454 1240 1525 1295 et
1560 1225 1966 1321 fatigatione
1996 1249 2080 1298 ac
2103 1227 2315 1297 variis
2337 1226 2611 1296 incom-

463 1340 931 1411 moditatibus
988 1340 1150 1413 lassi
1219 1340 1613 1439 plurimum
1666 1356 1879 1438 atque
1938 1341 2211 1412 alterati
2265 1365 2601 1412 essemus,

462 1459 622 1526 Jam
657 1481 825 1528 sane
863 1457 1440 1530 existimabamus
1487 1457 1769 1529 nullum
1811 1457 2075 1531 debere
2120 1457 2331 1530 nobis
2377 1456 2609 1528 obsta-

463 1573 711 1644 culum
758 1599 1118 1670 superesse
1147 1575 1560 1670 quominuS,
1596 1574 1871 1646 utendo
1900 1599 2236 1645 concessa
2271 1573 2483 1645 nobis
2507 1599 2611 1646 re·

463 1689 787 1760 vertendi
848 1689 1134 1759 licentia
1159 1741 1178 1780 ,
1244 1689 1364 1760 illa
1427 1690 1698 1760 torrida
1761 1704 1832 1760 et
1893 1689 2609 1786 intemperantissima

461 1805 757 1899 regione
792 1805 1062 1894 relicta,
1103 1806 1179 1875 in
1214 1804 1456 1896 aliam,
1495 1807 1568 1874 in
1605 1827 1748 1901 qua
1782 1819 1887 1874 est
1917 1820 1987 1875 et
2022 1806 2441 1876 clementius
2474 1830 2611 1877 coe-

462 1919 616 1989 lum
666 1933 737 1989 et
773 1917 1131 1989 salubrior
1175 1942 1321 2008 aer,
1367 1919 1672 2014 migrare
1732 1917 1968 1989 laxato
2020 1919 2266 1989 exsilio
2316 1917 2610 1990 debere·

459 2061 647 2124 mus,
689 2037 896 2130 Atqui
939 2037 1196 2107 iterum
1240 2036 1432 2107 illico
1481 2034 1691 2107 nobis
1736 2034 2248 2131 Perpinianum
2280 2036 2601 2124 reversiS,

459 2178 597 2250 pro
632 2177 748 2240 ea,
799 2176 1017 2247 quam
1055 2177 1633 2251 speraveramuS,
1676 2151 1952 2244 laetitia,
2004 2151 2205 2220 omni
2257 2152 2609 2222 anxietate

461 2285 676 2367 atque
700 2271 1031 2342 tmoestitia
1054 2271 1350 2368 plenum
1380 2268 1883 2366 hujuscemodi
1916 2269 2009 2340 ad
2040 2292 2173 2338 nos
2202 2267 2393 2338 illico
2425 2293 2608 2337 nun-

464 2387 644 2458 tium
702 2388 1017 2459 defertur
1060 2387 1316 2483 :quod
1374 2387 1672 2477 scilicet,
1730 2382 2286 2483 procurantibus
2339 2383 2609 2453 aemulis

462 2503 898 2601 quibusdam
949 2519 1162 2599 atque
1211 2504 1520 2573 inimicis
1571 2502 1857 2591 nostriS,
1906 2525 2029 2570 rex
2065 2499 2398 2569 nuntium
2441 2524 2608 2569 cum

461 2617 778 2715 epistolis
822 2633 893 2687 et
952 2619 1310 2689 mandatis
1366 2616 1742 2715 proprium
1792 2614 2283 2711 expediverat,
2350 2613 2607 2710 quibus

464 2732 678 2804 nobis
704 2759 1016 2804 recessus
1043 2759 1128 2804 ex
1154 2735 1272 2805 illa
1291 2736 1519 2830 patria
1548 2757 1840 2831 prorsus
1860 2730 2334 2820 inhiberetur,
2360 2746 2599 2826 atque,

461 2851 518 2919 si
557 2849 726 2920 inde
757 2851 908 2945 jam
947 2849 1540 2942 discessissemus,
1587 2865 1665 2919 ut
1703 2847 1831 2918 illo
1865 2862 2141 2918 mature
2178 2847 2601 2938 rediremus,

463 2969 665 3037 omni
698 2968 1154 3038 excusatione
1187 2967 1469 3061 rejecta,
1510 2966 2016 3037 mandabatur.

561 3086 726 3168 Quo
760 3084 1005 3153 audito
1035 3083 1318 3170 nuntio,
1356 3097 1593 3153 tantus
1625 3108 1760 3152 nos
1790 3107 2057 3152 moeror
2086 3082 2339 3173 tenuit,
2376 3097 2609 3153 tantus

463 3199 696 3268 luctus
736 3213 949 3294 atque
988 3223 1236 3294 pavor,
1279 3213 1355 3267 ut
1391 3197 1713 3295 profecto
1748 3223 1946 3295 paene
1988 3198 2193 3266 fuerit
2236 3199 2410 3294 quin
2454 3200 2603 3294 ipsa

461 3330 702 3401 nocte,
762 3339 904 3409 qua
947 3339 1032 3383 ex
1075 3314 1264 3386 dicta
1310 3315 1659 3411 legatione
1711 3315 2221 3411 Perp’inianum
2268 3315 2607 3411 applicui-

463 3458 623 3501 mus
676 3446 745 3501 et
797 3433 1130 3501 nuntium
1185 3431 1681 3526 hujuscemodi
1729 3432 2166 3527 accepimus,
2205 3456 2347 3527 prae
2383 3431 2601 3502 animi

464 3547 740 3616 tristitia
775 3561 846 3615 et
887 3571 1196 3616 moerore
1233 3547 1726 3636 defecerimus,
1782 3571 1947 3615 cum
1997 3546 2292 3642 Sapiens
2330 3545 2403 3614 id
2452 3545 2599 3615 fieri

460 3687 671 3758 posse
712 3678 972 3732 asserat
1007 3664 1204 3756 quod
1241 3696 1273 3728 <c
1308 3665 1378 3732 in
1416 3689 1721 3734 moerore
1751 3665 1971 3733 animi
2001 3665 2285 3760 spiritus
2315 3664 2602 3759 dejicia-

460 3785 601 3847 tur.
657 3805 689 3842 »
729 3778 1166 3849 Videbamus
1205 3781 1470 3876 quippe
1496 3781 1684 3874 jam,
1722 3805 1869 3851 non
1906 3780 2127 3850 modo
2157 3781 2403 3850 exsilio
2437 3805 2593 3869 nos,

459 3893 586 3963 sed
619 3907 688 3963 et
719 3893 910 3964 velut
945 3911 1287 3992 perpetua
1322 3898 1724 3994 captivitate
1760 3897 2159 3980 damnatos,
2199 3911 2411 3992 atque
2448 3910 2602 3965 tan-

461 4032 679 4101 quam
705 4009 775 4077 in
815 4007 1030 4102 globo
1066 4011 1307 4106 aliquo
1345 4012 1789 4082 fervidissimi
1819 4013 1999 4106 ignis
2028 4013 2095 4080 in
2128 4011 2241 4082 illa
2266 4026 2602 4080 astuante

461 4139 526 4193 et
562 4139 745 4195 tosta
786 4127 1076 4218 regione
1111 4127 1478 4198 devinctos
1516 4144 1587 4199 et
1626 4129 1879 4222 ligatos
1914 4155 1929 4197 :
1975 4153 2129 4222 quae
2172 4151 2383 4225 poena
2417 4127 2600 4197 dici-

463 4256 574 4310 tur
599 4241 982 4337 spirituum
1012 4241 1519 4315 damnatorum
1555 4245 1863 4316 maxima
1899 4259 2113 4339 atque
2141 4243 2510 4313 acerrima.
