3400 5417
1238 546 1460 604 LIBER
1496 534 1799 606 murus,
2452 543 2561 607 331

436 675 660 747 Nimis
691 674 886 746 enim
918 674 1317 771 legentibus
1353 675 1796 749 fastidiosum
1827 684 2033 771 esset,
2072 680 2129 750 si
2161 680 2409 753 omnia
2437 680 2572 753 hu—

424 787 830 890 juscemodi
869 805 1120 864 contra
1163 818 1298 865 nos
1338 795 1684 866 intentata
1716 806 1786 865 et
1817 794 2162 891 exquisita
2200 796 2573 871 molimina

431 912 761 1008 praesenti
790 923 1047 981 nostrae
1082 910 1430 1009 apologiae
1465 912 1812 982 vellemus
1842 912 2178 983 inserere.

1095 1214 1604 1283 CAPITULUM
1654 1214 1904 1283 XXIV.

886 1420 1088 1473 Iterum
1110 1418 1215 1473 alia
1243 1414 1475 1491 objectio
1504 1432 1555 1472 et
1579 1417 1652 1472 ad
1672 1418 1790 1475 eain
1813 1418 2107 1491 responsio.

530 1594 669 1667 Sed
706 1591 943 1668 adhuc
975 1594 1215 1666 forsan
1242 1594 1457 1667 etiam
1485 1596 1645 1691 ‘quis
1680 1618 1813 1667 nos
1839 1592 2130 1694 culpat-‘e
2164 1588 2569 1687 conabitur,

430 1717 503 1783 et
559 1710 885 1783 omnium
932 1712 1537 1810 persecutionum,
1593 1735 1772 1807 quas
1822 1724 1968 1783 tam
2021 1712 2093 1781 in
2148 1711 2360 1783 nobis
2409 1711 2576 1810 ip'sis

429 1844 653 1927 quam
681 1832 753 1901 in
790 1810 1047 1901 nostris
1079 1830 1393 1929 perpessi
1426 1852 1696 1922 summ,
1738 1828 2025 1926 culpam
2059 1829 2134 1899 in
2175 1854 2307 1899 nos
2344 1828 2579 1900 detor-

429 1970 650 2044 quere
683 1940 1028 2039 studebit,
1076 1932 1275 2044 quod
1308 1967 1456 2017 non
1493 1946 1940 2045 paruerimus
1978 1947 2160 2041 regis
2201 1942 2569 2042 mandam,

428 2087 604 2160 qu0‚
646 2075 861 2161 prout
891 2072 1108 2163 supra
1142 2064 1536 2151 retulimus,
1575 2064 2036 2162 praecipi'ebat
2071 2079 2151 2135 ut
2179 2066 2440 2135 servitii
2467 2067 2575 2136 sui

426 2204 641 2252 causa
671 2181 1178 2278 perpinianum
1209 2192 1746 2253 reverteremur.
1782 2182 1942 2251 Non
1977 2181 2196 2267 enim,
2237 2195 2318 2250 ut
2348 2180 2575 2252 videri

425 2294 784 2393 aliquibus
818 2297 1105 2394 poterit,
1149 2292 1493 2367 mandato
1527 2296 1873 2393 principis
1911 2294 2260 2366 obaudire
2297 2294 2570 2367 detrec-

426 2422 577 2483 tare
614 2410 1030 2500 debuimus,
1092 2436 1293 2503 cum,
1352 2427 1431 2483 ut
1475 2413 1854 2509 Apostolus
1904 2414 2219 2512 praecipit
2255 2442 2289 2480 «
2341 2416 2575 2485 omnis

426 2524 668 2597 anima
683 2520 1150 2623 potestatibus
1172 2517 1714 2597 sublimioribus
1737 2524 2021 2597 subdita
2040 2550 2193 2596 esse
2213 2525 2495 2613 debeat,
2535 2559 2567 2593 n

426 2649 499 2709 et
537 2669 572 2707 «
613 2642 737 2736 qui
765 2640 1094 2738 potestati
1130 2642 1412 2728 resistit,
1452 2642 1582 2712 Dei
1625 2668 1657 2707 n
1696 2656 1778 2712 ut
1811 2640 2002 2712 idem
2037 2642 2266 2738 inquit
2310 2673 2344 2708 ι(
2380 2640 2573 2714 ordi-

428 2751 707 2826 nationi
762 2756 1041 2828 resistit.
1089 2786 1122 2822 n
1163 2750 1381 2844 Quod
1427 2768 1496 2828 et
1546 2756 1868 2829 similiter
1911 2756 2162 2827 beatus
2211 2755 2574 2855 apostolus

430 2874 677 2941 Petrus
706 2872 1023 2970 praecipit
1061 2899 1077 2941 t
1126 2902 1159 2938 «
1198 2866 1477 2943 subditi
1514 2896 1549 2935 n
1587 2871 1823 2966 inquit
1860 2900 1896 2938 «
1939 2884 2161 2943 estote
2199 2873 2398 2943 omni
2425 2873 2573 2943 hu-

427 3010 659 3057 manae
691 3002 1026 3059 creaturae
1055 3002 1352 3085 propter
1378 2989 1637 3075 Deum,
1679 2988 1826 3057 sive
1855 2989 1999 3083 regi
2034 2990 2234 3085 quasi
2267 2986 2570 3087 praecel—

426 3102 640 3195 lenti,
684 3116 821 3174 etc,
872 3134 903 3170 ι)
943 3119 1014 3175 et
1048 3102 1217 3175 alibi
1260 3134 1297 3171 κ
1345 3126 1493 3174 non
1528 3113 1806 3174 tantum
1840 3102 2052 3174 bonis
2089 3119 2157 3174 et
2200 3104 2564 3195 modesti5‚

426 3219 554 3289 sed
589 3220 801 3290 etiam
839 3217 1170 3316 dyscolis,
1221 3249 1254 3285 »

527 3334 668 3405 Sed
703 3350 892 3406 certe
942 3336 1000 3405 si
1045 3335 1204 3431 quis
1236 3358 1319 3407 ea
1343 3392 1358 3419 ,
1414 3358 1570 3432 qua?
1614 3335 1938 3432 superius
1983 3360 2025 3406 a
2061 3334 2270 3405 nobis
2305 3346 2568 3406 retexta

426 3465 619 3539 sunt,
662 3451 751 3522 de
785 3453 1037 3536 causis,
1078 3463 1373 3550 propter
1405 3478 1580 3548 quas
1621 3450 1745 3522 illo
1780 3452 2033 3522 reverti
2071 3453 2222 3521 sine
2256 3453 2565 3522 evidenti

426 3570 676 3638 mortis
709 3569 1028 3665 periculo
1060 3594 1209 3639 non
1249 3568 1531 3660 licebat,
1568 3569 1658 3641 ad
1694 3582 2004 3640 mentem
2052 3566 2433 3657 reduxerit,
2477 3570 2568 3640 sa-

424 3672 559 3757 cile
598 3686 857 3756 talibus
891 3684 1417 3781 objectionibus
1455 3687 1886 3758 satisfactum
1919 3711 2068 3755 esse
2099 3685 2461 3779 intelliget.

533 3832 567 3869 t<
610 3806 800 3872 Juste
848 3803 1117 3899 impera
1158 3832 1188 3865 >³
1232 3803 1329 3872 ait
1372 3806 1639 3874 Seneca
1684 3795 1778 3874 ad
1821 3804 2213 3889 Neronem3
2267 3833 2300 3867 t<
2351 3827 2566 3871 nemo

428 3942 580 3988 uon
640 3918 890 3989 eadem
939 3916 1152 3989 volet.
1198 3950 1229 3984 »
1296 3920 1616 4015 -xlioquin
1676 3921 1732 3989 si
1791 3918 2122 4016 p1·a·dicta
2177 3918 2569 4014 apostolica

425 4048 777 4132 praecepta
809 4037 1022 4105 etiam
1054 4033 1145 4105 cle
1186 4034 1319 4125 his,
1359 4034 1481 4131 qui
1516 4036 1732 4132 impie
1767 4049 1835 4105 et
1876 4036 2129 4131 injuste
2162 4060 2293 4103 nos
2327 4033 2569 4104 volent

427 4152 834 4247 opprimere
867 4166 935 4220 et
981 4150 1073 4221 ad
1112 4151 1312 4221 illum
1355 4152 1573 4222 finem
1620 4148 1831 4222 nobis
1883 4154 2261 4248 imperant,
2307 4150 2567 4221 intelli-

428 4265 661 4361 genda
687 4266 946 4359 forent,
972 4267 1327 4343 contraria
1360 4280 1589 4338 essent
1612 4284 1683 4338 et
1706 4268 2000 4341 adversa
2027 4277 2380 4366 pm¹cepto
2415 4266 2563 4337 Sal-
