3400 5417
1144 557 1365 611 LIBER
1398 558 1701 615 SEXTUS.
2421 566 2492 619 89

378 682 591 754 etiam
632 681 900 781 oppida
920 739 938 776 ‚
982 698 1197 781 prout
1243 687 1732 784 unusquisque
1778 688 1916 759 sibi
1971 691 2191 787 magis
2225 717 2493 790 oppor-

377 816 631 872 tunum
659 799 1117 895 existimavit,
1156 826 1307 873 sese
1339 802 1766 875 effuderunt.

471 920 607 988 Iste
652 916 783 987 fuit
836 916 1179 989 infaustus
1230 933 1440 1016 atque
1474 919 1990 993 infelicissimus
2037 920 2188 994 dies
2230 922 2491 996 civitati

372 1030 827 1126 Trajectensi,
864 1056 1059 1129 quae,
1107 1035 1356 1131 procul
1410 1034 1677 1129 dubio,
1734 1062 1776 1107 e
1818 1037 2112 1133 vestigio
2145 1062 2232 1109 ex
2275 1037 2491 1110 liber-

374 1160 513 1217 tate
559 1161 630 1218 et
676 1147 1171 1221 florentissimo
1209 1165 1392 1221 statu
1416 1206 1434 1242 ,
1468 1152 1541 1222 in
1572 1176 1788 1246 quem
1809 1209 1827 1246 ‚
1866 1151 1993 1223 diu
2023 1178 2321 1225 manens
2356 1155 2489 1226 sub

373 1262 664 1356 legitimi
712 1264 1011 1360 pastoris
1067 1279 1138 1335 et
1191 1266 1533 1364 principis
1589 1268 1697 1338 sui
1759 1268 2057 1364 imperio
2080 1325 2098 1361 ,
2154 1287 2491 1367 provecta

374 1379 730 1451 exstiterat
752 1433 771 1469 ,
826 1377 962 1449 sub
1019 1383 1457 1478 tyrannicam
1502 1398 1923 1481 potestatem
1979 1401 2046 1455 et
2109 1387 2492 1460 infelicissi-

372 1516 565 1563 mam
607 1494 1010 1567 servitutem
1042 1511 1145 1566 est
1178 1496 1485 1569 redacta.
1532 1498 1779 1569 Paucis
1811 1501 2002 1570 enim
2045 1515 2206 1598 post
2237 1500 2491 1575 diebus

371 1608 679 1700 effluxiS,
711 1612 860 1710 ipse
886 1611 1221 1683 dominus
1252 1612 1342 1684 de
1370 1617 1435 1682 M
1442 1614 1809 1707 onteforti,
1839 1617 1961 1711 qui
1998 1640 2199 1689 suam
2219 1671 2240 1709 ,
2269 1620 2490 1690 modo

372 1748 515 1821 quo
586 1724 1071 1824 praediximuS‚
1132 1728 1614 1801 vindicaverat
1676 1745 2135 1828 potestatem,
2195 1749 2276 1805 ut
2328 1760 2489 1807 eam

374 1865 592 1915 manu
668 1843 952 1916 militari
1016 1840 1359 1936 firmaret,
1430 1846 1655 1916 sciens
1710 1847 2081 1918 molimina
2136 1873 2264 1921 sua
2340 1875 2485 1921 non

372 1958 593 2031 modo
625 1959 930 2057 expulsis
974 1958 1290 2051 civibuS,
1324 1985 1570 2031 verum
1606 1977 1675 2032 et
1709 1962 2031 2059 plurimis
2064 1988 2146 2033 ex
2179 1963 2290 2037 his
2310 2022 2328 2058 ,
2365 1970 2489 2062 qui

372 2077 557 2147 intus
606 2092 1123 2169 remanserant,
1166 2076 1623 2149 vehementer
1659 2078 2062 2173 displicere,
2127 2082 2489 2153 accersivit

371 2203 582 2283 atque
622 2189 887 2260 invexit
937 2190 1011 2259 in
1066 2189 1422 2260 civitatem
1477 2212 1812 2284 magnam
1863 2190 2284 2286 praedonum
2336 2216 2486 2263 ma-

372 2331 539 2387 num
562 2362 581 2397 ,
640 2330 821 2402 quos
885 2307 1252 2378 Teutonici
1321 2306 1649 2377 rutheros
1710 2307 2069 2404 appellant
2091 2363 2108 2398 ‚
2176 2334 2486 2405 quorum

371 2436 561 2494 metu
595 2438 805 2518 atque
839 2424 1051 2495 armis
1086 2424 1338 2495 misera
1365 2423 1607 2494 civitas
1642 2445 1978 2519 oppressa
2012 2423 2355 2520 respirare
2410 2425 2484 2495 in

368 2539 695 2610 amissam
746 2538 1141 2611 libertatem
1198 2562 1343 2609 non
1401 2537 1719 2610 auderet.
1776 2538 2111 2607 Miserum
2162 2538 2483 2635 profecto

368 2668 513 2726 erat
564 2669 718 2726 tum
766 2654 1007 2726 videre
1063 2652 1541 2752 spectaculum
1588 2680 1602 2721 :
1642 2654 1997 2723 civitatem
2053 2654 2271 2750 paulo
2320 2671 2483 2727 aute

369 2770 715 2867 insignem
750 2787 822 2843 et
862 2772 1124 2841 civium
1166 2770 1703 2841 honorabilium
1738 2769 2191 2840 multitudine
2233 2772 2484 2868 copio-

367 2909 549 2979 sam,
583 2885 1004 2984 praedonum
1027 2900 1099 2957 et
1115 2885 1613 2955 vilissimorum
1639 2883 2200 2954 latrunculorum
2228 2909 2484 2980 magna

368 3014 532 3071 tuuc
575 3001 1076 3072 numerositate
1130 3001 1453 3069 refertam
1498 3014 1710 3095 atque
1762 3000 2162 3096 oppletam3
2221 3001 2344 3071 sed
2392 3004 2480 3072 ad

366 3116 723 3187 silentium
755 3117 943 3187 cives
981 3115 1275 3186 miseros
1325 3113 1656 3209 adigebat
1696 3131 1949 3184 metus.
2005 3120 2059 3183 E
2092 3116 2352 3209 quibus
2387 3132 2484 3188 ta-

367 3256 573 3323 men,
615 3257 698 3301 ex
748 3230 1027 3329 plebeia
1059 3229 1305 3320 turba,
1348 3230 1634 3327 plurimi
1675 3244 1872 3300 erant
1916 3229 2175 3325 quibus
2209 3256 2291 3302 ea
2324 3257 2479 3328 per-

365 3346 677 3418 turbatio
715 3362 909 3442 grata
951 3363 1097 3417 erat
1128 3400 1145 3433 ‚
1197 3347 1297 3416 eis
1329 3346 1681 3442 praecipue
1715 3348 1837 3441 qui
1870 3347 1940 3415 in
1975 3371 2184 3416 suum
2217 3350 2483 3445 episco-

368 3489 535 3559 pum
590 3463 759 3534 odio
805 3462 1169 3534 acerbiore
1219 3462 1662 3547 ferebantur,
1724 3463 1843 3556 qui
1890 3462 2119 3532 metiri
2174 3478 2241 3531 et
2282 3489 2480 3559 {equa

366 3580 566 3650 lance
616 3579 925 3675 pendere
977 3577 1419 3668 nesciebant,
1479 3579 1549 3647 in
1599 3594 1866 3671 quanta
1920 3579 2100 3647 mala
2145 3593 2215 3647 et
2264 3604 2478 3674 quam

370 3697 837 3768 miserabilem
865 3698 1270 3767 servitutem
1308 3722 1388 3767 ex
1430 3697 1665 3793 priore
1700 3694 2018 3766 libertate
2057 3710 2124 3765 vt
2158 3697 2480 3767 omnium

368 3837 599 3883 rerum
642 3812 1044 3909 opulentia,
1090 3836 1305 3906 quam
1346 3836 1474 3881 suo
1510 3826 1835 3906 parentes
1867 3810 2166 3880 domino
2211 3810 2478 3881 habue-

366 3944 559 4020 rant,
599 3927 1031 3999 recidissent.
1087 3926 1290 3997 Unde
1338 3925 1714 3996 indiscreta
1756 3927 1997 3997 talium
2043 3925 2284 4011 turba,
2324 3928 2478 4020 qui-

364 4040 497 4113 bus
540 4058 609 4113 et
646 4043 895 4114 odium
929 4043 1202 4114 domini
1251 4043 1399 4131 sui,
1440 4056 1508 4112 et
1556 4040 1920 4112 hebetudo
1980 4043 2232 4111 mentis
2278 4042 2484 4111 ratio-

368 4158 471 4229 nis
490 4175 757 4231 rectum
785 4160 1132 4254 judicium
1163 4160 1442 4256 penitus
1468 4157 2004 4247 obtundebant,
2045 4160 2115 4229 iu
2146 4158 2476 4230 eumdem

366 4276 710 4370 optimum
746 4291 1097 4373 pastorem
1147 4301 1351 4347 suum
1402 4279 1644 4348 omnia
1681 4277 1947 4375 probra
1985 4292 2053 4345 et
2105 4276 2477 4346 maledicta
