3400 5417
1031 510 1066 569 4
1575 506 2090 564 HISTORIARUM
2128 507 2485 563 LUDOVICI
2524 508 2611 563 xl

1031 640 1334 739 pedibus
1390 640 1635 732 soluti,
1670 640 1931 737 quibus
1974 666 2051 711 se
2086 641 2261 738 jugo
2306 642 2727 739 captivitatis
2783 641 3158 740 depressos

1029 755 1239 826 fuisse
1286 755 1817 828 arbitrabantur
1839 813 1856 845 ‚
1899 758 1972 827 in
2007 782 2164 850 eos,
2199 758 2323 854 qui
2358 757 2467 828 vel
2514 773 2838 830 auctores
2865 760 2978 830 vel
3028 761 3157 831 mi-

1027 870 1230 940 nistri
1297 894 1422 941 seu
1493 886 1997 968 cooperatores
2071 870 2389 966 ejusdem
2455 873 2874 972 captivitatis
2946 873 3158 946 fuisse

1029 985 1434 1057 dicerentur
1456 1045 1474 1073 ,
1510 986 1818 1058 mirabili
1844 986 2013 1057 odio
2044 987 2611 1060 inardescebant.
2656 994 2741 1060 Et
2762 989 2932 1120 fluia
2954 1016 3159 1088 supe-

1033 1101 1292 1173 riorem
1347 1115 1517 1173 tunc
1566 1102 1845 1173 nullum
1896 1101 2301 1194 habebant,
2367 1103 2491 1198 qui
2547 1103 2737 1199 vulgi
2770 1106 3155 1202 rtapassim

1027 1218 1373 1289 saevientis
1423 1234 1660 1315 posset
1708 1217 2082 1290 audaciam
2142 1242 2513 1307 coercere,
2562 1220 2807 1292 omnia
2860 1221 3157 1318 impune

1024 1356 1234 1428 posse
1269 1357 1400 1429 pro
1427 1332 1633 1403 libito
1650 1357 1857 1427 agere
1892 1358 1965 1403 se
1998 1332 2383 1430 putabant3
2422 1358 2554 1404 nec
2586 1333 2772 1405 ullus
2813 1360 2939 1407 eos
2966 1337 3155 1433 opti-

1025 1463 1298 1519 matum
1347 1465 1558 1544 atque
1623 1448 1978 1519 nobilium
2033 1463 2264 1520 metus
2285 1505 2302 1540 ‚
2350 1464 2474 1521 aut
2502 1451 2717 1522 etiam
2749 1451 2968 1548 ipsius
3016 1476 3156 1521 suae

1024 1566 1486 1663 principissae,
1531 1567 1848 1664 innuptae
1890 1566 2171 1663 puellae,
2234 1565 2325 1637 ab
2387 1565 2801 1661 hujusmodi
2862 1566 3157 1637 ausibus

1023 1682 1408 1754 cohibebat
1445 1710 1460 1752 z
1501 1684 1676 1779 quin
1726 1683 1962 1779 potius
2020 1683 2091 1752 in
2138 1706 2297 1773 eOS,
2340 1698 2682 1778 tanquam
2715 1683 2960 1779 priscae
3014 1709 3155 1753 suae

1021 1800 1438 1871 calamitatis
1491 1812 1562 1868 et
1604 1800 1955 1869 servitutis
2015 1814 2337 1871 auctores
2390 1799 2499 1868 vel
2538 1797 2845 1870 fautores
2869 1856 2887 1892 ,
2924 1800 3157 1871 insur-

1019 1941 1180 2014 gere
1216 1942 1360 1988 non
1398 1914 1783 2006 timebant3
1825 1916 1937 1987 vel
1972 1941 2095 1987 eos
2119 1973 2137 2007 ‚
2197 1932 2539 2012 tanquam
2596 1915 2919 2014 partibus
2972 1918 3155 2012 regis

1019 2038 1455 2105 Francorum
1494 2031 1845 2123 faverent,
1883 2031 2099 2101 veluti
2134 2047 2496 2130 suspectos
2529 2032 2989 2104 vehementer
3026 2034 3153 2105 ha·

1017 2147 1311 2220 bebant.
1380 2148 1570 2218 Adeo
1642 2147 1966 2244 profecto
2030 2146 2222 2243 apud
2270 2171 2394 2218 eos
2453 2146 2542 2217 de
2604 2172 2731 2219 sua
2786 2147 3153 2221 nobilitate

1018 2265 1318 2336 invaluit
1361 2264 1631 2360 ubique
1686 2264 1969 2334 sinistra
2004 2262 2312 2359 suspicio
2341 2319 2359 2355 ,
2423 2279 2503 2334 ut
2559 2264 2647 2334 de
2707 2265 2905 2335 nullo
2952 2290 3153 2363 paene

1019 2405 1398 2479 procerum
1434 2404 1557 2449 seu
1587 2377 1943 2448 nobilium
1978 2393 2326 2448 terrarum
2354 2378 2636 2449 illarum
2659 2379 3149 2463 confiderent,

1020 2497 1143 2568 sed
1202 2520 1452 2566 omnes
1493 2496 1709 2589 vulgo
1760 2495 1995 2565 dicere
2056 2508 2126 2565 et
2170 2494 2491 2589 jactitare
2540 2520 2708 2593 non=
2740 2510 3157 2567 vererentur

1022 2638 1145 2685 eos
1167 2637 1314 2682 esse
1344 2596 1582 2708 patriae
1607 2610 2010 2708 proditores
2030 2668 2048 2703 ,
2091 2625 2158 2683 et
2184 2611 2332 2706 jam
2368 2612 2440 2681 in
2474 2627 2705 2708 partes
2732 2614 2911 2708 regis
2931 2618 3154 2685 Fran-

1022 2753 1273 2800 corum
1310 2728 1672 2800 defecisse.

1687 3038 1709 3059 *
1765 3060 2271 3128 CAP1TULUM
2326 3062 2409 3128 11.

1025 3262 1262 3328 Qualiter
1293 3278 1382 3311 rex
1412 3259 1582 3312 statim
1610 3258 1891 3327 occupavit
1928 3271 2090 3311 terras
2112 3260 2364 3330 plurimas
2396 3257 2679 3323 Picardiae;
2709 3273 2758 3311 et
2791 3259 2858 3312 de
2892 3261 3152 3331 legatione

1692 3342 1760 3393 ad
1790 3362 1911 3394 eum
1944 3343 2096 3396 missa
2125 3362 2187 3395 ex
2210 3340 2490 3395 GandaVO.

1125 3553 1372 3624 Audita
1422 3567 1656 3622 autem
1709 3552 1971 3649 praefati
2041 3552 2239 3621 ducis
2271 3553 2757 3643 exstinctione,
2825 3577 2975 3621 non
3028 3554 3151 3623 diu

1023 3671 1212 3740 idem
1247 3674 1680 3738 Francorum
1749 3693 1893 3757 rex,
1959 3691 2172 3762 quem
2224 3683 2516 3764 perante
2583 3669 2675 3738 ad
2735 3668 3150 3738 defunctum

1026 3787 1344 3856 animum
1373 3784 1688 3877 gessisset
1709 3840 1725 3871 ,
1780 3783 2222 3853 dissimulare
2252 3785 2483 3880 potuit
2504 3839 2521 3874 ‚
2570 3783 2690 3853 sed
2727 3785 2963 3881 palam
2994 3810 3152 3854 om-

1029 3898 1236 3969 nibus
1273 3900 1454 3969 fecit.
1498 3899 1745 3968 Statim
1780 3900 1971 3968 enim
2002 3925 2166 3968 cum
2205 3900 2477 3994 magnis
2505 3902 2822 3996 equitum
2856 3915 2925 3970 et
2950 3901 3150 3996 pedi-

1025 4030 1178 4084 tum
1225 4016 1449 4111 copiis
1480 4016 1552 4083 in
1597 4015 1989 4085 Pie-ardiam
2036 4016 2259 4106 venit,
2316 4015 2442 4086 ubi
2486 4018 2556 4085 in
2606 4017 2850 4112 paucis
2895 4016 3150 4086 diebus

1024 4133 1261 4229 plures
1289 4158 1370 4201 ex
1405 4130 1767 4201 nobilibus
1797 4131 2073 4201 illarum
2114 4148 2485 4224 terrarum,
2526 4136 2738 4204 etiam
2764 4134 2853 4203 de
2882 4134 2992 4204 his
3027 4136 3149 4230 qui

1023 4248 1152 4317 sub
1185 4248 1441 4318 Carolo
1477 4247 1657 4319 duce
1681 4248 1944 4317 tribuni
1981 4250 2281 4319 militum
2342 4265 2555 4344 atque
2594 4250 3031 4346 oppidorum
3084 4266 3149 4320 et
