<?xml version="1.0" encoding="UTF-8"?>
<!DOCTYPE html PUBLIC "-//W3C//DTD XHTML 1.0 Transitional//EN"
    "http://www.w3.org/TR/xhtml1/DTD/xhtml1-transitional.dtd">
<html xmlns="http://www.w3.org/1999/xhtml" xml:lang="en" lang="en">
 <head>
  <title>
</title>
<meta http-equiv="Content-Type" content="text/html;charset=utf-8" />
  <meta name='ocr-system' content='tesseract 3.04.00' />
  <meta name='ocr-capabilities' content='ocr_page ocr_carea ocr_par ocr_line ocrx_word'/>
</head>
<body>
  <div class='ocr_page' id='page_1' title='image "./histoiredesrgne00unkngoog_0104.png"; bbox 0 0 3400 5417; ppageno 0'>
   <div class='ocr_carea' id='block_1_1' title="bbox 1222 533 2564 591">
    <p class='ocr_par' dir='ltr' id='par_1_1' title="bbox 1222 533 2564 591">
     <span class='ocr_line' id='line_1_1' title="bbox 1222 533 2564 591; baseline -0.002 -2"><span class='ocrx_word' id='word_1_1' title='bbox 1222 534 1439 589; x_wconf 83' lang='lat' dir='ltr'>LIBER</span> <span class='ocrx_word' id='word_1_2' title='bbox 1479 533 1779 591; x_wconf 82' lang='lat' dir='ltr'><strong>SEXTUS.</strong></span> <span class='ocrx_word' id='word_1_3' title='bbox 2493 534 2564 587; x_wconf 76' lang='lat'><strong>57</strong></span> 
     </span>
    </p>
   </div>
   <div class='ocr_carea' id='block_1_2' title="bbox 436 665 2585 3085">
    <p class='ocr_par' dir='ltr' id='par_1_2' title="bbox 436 665 2570 967">
     <span class='ocr_line' id='line_1_2' title="bbox 436 665 2570 765; baseline 0 -29"><span class='ocrx_word' id='word_1_4' title='bbox 436 666 753 761; x_wconf 83' lang='lat' dir='ltr'><strong>aliquem</strong></span> <span class='ocrx_word' id='word_1_5' title='bbox 822 665 1182 762; x_wconf 81' lang='lat' dir='ltr'><strong>captivum</strong></span> <span class='ocrx_word' id='word_1_6' title='bbox 1243 680 1735 754; x_wconf 82' lang='lat' dir='ltr'><strong>servaverunt3</strong></span> <span class='ocrx_word' id='word_1_7' title='bbox 1796 666 1922 738; x_wconf 91' lang='lat' dir='ltr'><strong>sed</strong></span> <span class='ocrx_word' id='word_1_8' title='bbox 1983 667 2245 765; x_wconf 89' lang='lat' dir='ltr'><strong>passim</strong></span> <span class='ocrx_word' id='word_1_9' title='bbox 2269 720 2290 757; x_wconf 90' lang='lat'><strong>,</strong></span> <span class='ocrx_word' id='word_1_10' title='bbox 2364 680 2570 763; x_wconf 89' lang='lat' dir='ltr'><strong>quot-</strong></span> 
     </span>
     <span class='ocr_line' id='line_1_3' title="bbox 438 779 2568 881; baseline 0.001 -30"><span class='ocrx_word' id='word_1_11' title='bbox 438 796 618 876; x_wconf 87' lang='lat' dir='ltr'>quot</span> <span class='ocrx_word' id='word_1_12' title='bbox 693 779 829 851; x_wconf 90' lang='lat' dir='ltr'><strong>sub</strong></span> <span class='ocrx_word' id='word_1_13' title='bbox 908 804 1112 854; x_wconf 87' lang='lat' dir='ltr'><strong>suam</strong></span> <span class='ocrx_word' id='word_1_14' title='bbox 1177 806 1474 855; x_wconf 91' lang='lat' dir='ltr'><strong>manum</strong></span> <span class='ocrx_word' id='word_1_15' title='bbox 1542 782 1811 855; x_wconf 90' lang='lat' dir='ltr'><strong>habere</strong></span> <span class='ocrx_word' id='word_1_16' title='bbox 1878 797 2303 880; x_wconf 89' lang='lat' dir='ltr'><strong>potuerunt,</strong></span> <span class='ocrx_word' id='word_1_17' title='bbox 2365 807 2568 881; x_wconf 91' lang='lat' dir='ltr'><strong>pere-</strong></span> 
     </span>
     <span class='ocr_line' id='line_1_4' title="bbox 439 910 751 967; baseline 0 0"><span class='ocrx_word' id='word_1_18' title='bbox 439 910 751 967; x_wconf 82' lang='lat' dir='ltr'><strong>merunt.</strong></span> 
     </span>
    </p>

    <p class='ocr_par' dir='ltr' id='par_1_3' title="bbox 438 1012 2585 3085">
     <span class='ocr_line' id='line_1_5' title="bbox 540 1012 2573 1112; baseline 0.002 -30"><span class='ocrx_word' id='word_1_19' title='bbox 540 1016 627 1083; x_wconf 91' lang='lat' dir='ltr'><strong>Et</strong></span> <span class='ocrx_word' id='word_1_20' title='bbox 661 1013 752 1085; x_wconf 90' lang='lat' dir='ltr'><strong>de</strong></span> <span class='ocrx_word' id='word_1_21' title='bbox 798 1014 1094 1085; x_wconf 87' lang='lat' dir='ltr'><strong>victoria</strong></span> <span class='ocrx_word' id='word_1_22' title='bbox 1143 1012 1436 1110; x_wconf 88' lang='lat' dir='ltr'><strong>quidem</strong></span> <span class='ocrx_word' id='word_1_23' title='bbox 1491 1038 1575 1085; x_wconf 90' lang='lat' dir='ltr'><strong>ac</strong></span> <span class='ocrx_word' id='word_1_24' title='bbox 1632 1039 1936 1087; x_wconf 89' lang='lat' dir='ltr'><strong>numero</strong></span> <span class='ocrx_word' id='word_1_25' title='bbox 1994 1017 2327 1112; x_wconf 75' lang='lat' dir='ltr'><strong>utrinque</strong></span> <span class='ocrx_word' id='word_1_26' title='bbox 2364 1040 2573 1099; x_wconf 52' lang='lat' dir='ltr'><strong>eaesoe</strong></span> 
     </span>
     <span class='ocr_line' id='line_1_6' title="bbox 438 1130 2573 1227; baseline 0 -26"><span class='ocrx_word' id='word_1_27' title='bbox 438 1156 641 1222; x_wconf 85' lang='lat' dir='ltr'><strong>rum,</strong></span> <span class='ocrx_word' id='word_1_28' title='bbox 682 1132 989 1202; x_wconf 87' lang='lat' dir='ltr'><strong>multum</strong></span> <span class='ocrx_word' id='word_1_29' title='bbox 1026 1130 1460 1223; x_wconf 83' lang='lat' dir='ltr'><strong>differenter,</strong></span> <span class='ocrx_word' id='word_1_30' title='bbox 1499 1132 1572 1202; x_wconf 92' lang='lat' dir='ltr'><strong>in</strong></span> <span class='ocrx_word' id='word_1_31' title='bbox 1634 1134 1835 1203; x_wconf 89' lang='lat' dir='ltr'><strong>terris</strong></span> <span class='ocrx_word' id='word_1_32' title='bbox 1885 1133 2094 1227; x_wconf 89' lang='lat' dir='ltr'><strong>regiis</strong></span> <span class='ocrx_word' id='word_1_33' title='bbox 2147 1146 2219 1203; x_wconf 87' lang='lat' dir='ltr'><strong>et</strong></span> <span class='ocrx_word' id='word_1_34' title='bbox 2259 1133 2332 1202; x_wconf 93' lang='lat' dir='ltr'><strong>in</strong></span> <span class='ocrx_word' id='word_1_35' title='bbox 2372 1134 2573 1203; x_wconf 89' lang='lat' dir='ltr'><strong>terris</strong></span> 
     </span>
     <span class='ocr_line' id='line_1_7' title="bbox 438 1245 2570 1343; baseline 0 -26"><span class='ocrx_word' id='word_1_36' title='bbox 438 1246 670 1338; x_wconf 90' lang='lat' dir='ltr'><strong>ducis,</strong></span> <span class='ocrx_word' id='word_1_37' title='bbox 707 1262 921 1342; x_wconf 89' lang='lat' dir='ltr'><strong>atque</strong></span> <span class='ocrx_word' id='word_1_38' title='bbox 956 1248 1147 1318; x_wconf 87' lang='lat' dir='ltr'><strong>varie</strong></span> <span class='ocrx_word' id='word_1_39' title='bbox 1168 1245 1592 1341; x_wconf 90' lang='lat' dir='ltr'><strong>jactabatur.</strong></span> <span class='ocrx_word' id='word_1_40' title='bbox 1624 1251 1803 1319; x_wconf 91' lang='lat' dir='ltr'><strong>Nam</strong></span> <span class='ocrx_word' id='word_1_41' title='bbox 1822 1250 1897 1319; x_wconf 93' lang='lat' dir='ltr'><strong>in</strong></span> <span class='ocrx_word' id='word_1_42' title='bbox 1928 1249 2131 1320; x_wconf 88' lang='lat' dir='ltr'><strong>terris</strong></span> <span class='ocrx_word' id='word_1_43' title='bbox 2162 1250 2395 1343; x_wconf 77' lang='lat' dir='ltr'><strong>regiiS,</strong></span> <span class='ocrx_word' id='word_1_44' title='bbox 2429 1250 2570 1343; x_wconf 83' lang='lat' dir='ltr'><strong>regi</strong></span> 
     </span>
     <span class='ocr_line' id='line_1_8' title="bbox 438 1362 2576 1460; baseline 0 -27"><span class='ocrx_word' id='word_1_45' title='bbox 438 1364 731 1434; x_wconf 85' lang='lat' dir='ltr'><strong>cessisse</strong></span> <span class='ocrx_word' id='word_1_46' title='bbox 760 1363 1136 1434; x_wconf 82' lang='lat' dir='ltr'><strong>victoriam</strong></span> <span class='ocrx_word' id='word_1_47' title='bbox 1165 1362 1720 1460; x_wconf 77' lang='lat' dir='ltr'>promulgabant</span> <span class='ocrx_word' id='word_1_48' title='bbox 1738 1419 1758 1455; x_wconf 89' lang='lat'><strong>,</strong></span> <span class='ocrx_word' id='word_1_49' title='bbox 1791 1377 1904 1455; x_wconf 90' lang='lat' dir='ltr'><strong>ut,</strong></span> <span class='ocrx_word' id='word_1_50' title='bbox 1933 1387 2061 1460; x_wconf 94' lang='lat' dir='ltr'><strong>per</strong></span> <span class='ocrx_word' id='word_1_51' title='bbox 2093 1362 2370 1457; x_wconf 87' lang='lat' dir='ltr'><strong>singula</strong></span> <span class='ocrx_word' id='word_1_52' title='bbox 2388 1388 2576 1459; x_wconf 85' lang='lat' dir='ltr'><strong>quae-</strong></span> 
     </span>
     <span class='ocr_line' id='line_1_9' title="bbox 440 1478 2576 1576; baseline 0.001 -29"><span class='ocrx_word' id='word_1_53' title='bbox 440 1500 583 1573; x_wconf 91' lang='lat' dir='ltr'><strong>que</strong></span> <span class='ocrx_word' id='word_1_54' title='bbox 602 1478 763 1549; x_wconf 91' lang='lat' dir='ltr'><strong>loca</strong></span> <span class='ocrx_word' id='word_1_55' title='bbox 788 1478 1117 1573; x_wconf 84' lang='lat' dir='ltr'><strong>insignia,</strong></span> <span class='ocrx_word' id='word_1_56' title='bbox 1136 1482 1290 1549; x_wconf 91' lang='lat' dir='ltr'><strong>Deo</strong></span> <span class='ocrx_word' id='word_1_57' title='bbox 1312 1480 1694 1573; x_wconf 87' lang='lat' dir='ltr'><strong>gratiarum</strong></span> <span class='ocrx_word' id='word_1_58' title='bbox 1715 1480 2069 1550; x_wconf 87' lang='lat' dir='ltr'><strong>solemnes</strong></span> <span class='ocrx_word' id='word_1_59' title='bbox 2091 1503 2224 1576; x_wconf 89' lang='lat' dir='ltr'><strong>per</strong></span> <span class='ocrx_word' id='word_1_60' title='bbox 2246 1478 2576 1550; x_wconf 89' lang='lat' dir='ltr'><strong>ecclesias</strong></span> 
     </span>
     <span class='ocr_line' id='line_1_10' title="bbox 440 1592 2577 1691; baseline 0 -27"><span class='ocrx_word' id='word_1_61' title='bbox 440 1594 760 1665; x_wconf 85' lang='lat' dir='ltr'><strong>actiones</strong></span> <span class='ocrx_word' id='word_1_62' title='bbox 780 1617 915 1691; x_wconf 91' lang='lat' dir='ltr'><strong>pro</strong></span> <span class='ocrx_word' id='word_1_63' title='bbox 940 1594 1237 1664; x_wconf 86' lang='lat' dir='ltr'><strong>victoria</strong></span> <span class='ocrx_word' id='word_1_64' title='bbox 1261 1592 1507 1665; x_wconf 89' lang='lat' dir='ltr'><strong>habita</strong></span> <span class='ocrx_word' id='word_1_65' title='bbox 1534 1593 2028 1685; x_wconf 80' lang='lat' dir='ltr'><strong>redderentur,</strong></span> <span class='ocrx_word' id='word_1_66' title='bbox 2051 1608 2120 1665; x_wconf 90' lang='lat' dir='ltr'><strong>et</strong></span> <span class='ocrx_word' id='word_1_67' title='bbox 2151 1618 2282 1690; x_wconf 91' lang='lat' dir='ltr'><strong>per</strong></span> <span class='ocrx_word' id='word_1_68' title='bbox 2309 1594 2577 1691; x_wconf 83' lang='lat' dir='ltr'><strong>plateas</strong></span> 
     </span>
     <span class='ocr_line' id='line_1_11' title="bbox 442 1710 2576 1809; baseline 0 -28"><span class='ocrx_word' id='word_1_69' title='bbox 442 1725 511 1781; x_wconf 89' lang='lat' dir='ltr'><strong>et</strong></span> <span class='ocrx_word' id='word_1_70' title='bbox 534 1712 733 1783; x_wconf 81' lang='lat' dir='ltr'><strong>vicos</strong></span> <span class='ocrx_word' id='word_1_71' title='bbox 776 1712 977 1807; x_wconf 86' lang='lat' dir='ltr'><strong>ignes</strong></span> <span class='ocrx_word' id='word_1_72' title='bbox 1009 1710 1275 1807; x_wconf 90' lang='lat' dir='ltr'><strong>ubique</strong></span> <span class='ocrx_word' id='word_1_73' title='bbox 1303 1766 1321 1801; x_wconf 92' lang='lat'><strong>,</strong></span> <span class='ocrx_word' id='word_1_74' title='bbox 1363 1736 1498 1809; x_wconf 92' lang='lat' dir='ltr'><strong>pro</strong></span> <span class='ocrx_word' id='word_1_75' title='bbox 1542 1726 1740 1783; x_wconf 86' lang='lat' dir='ltr'><strong>tanta</strong></span> <span class='ocrx_word' id='word_1_76' title='bbox 1776 1714 1873 1781; x_wconf 90' lang='lat' dir='ltr'><strong>rei</strong></span> <span class='ocrx_word' id='word_1_77' title='bbox 1913 1712 2318 1801; x_wconf 82' lang='lat' dir='ltr'><strong>festivitate,</strong></span> <span class='ocrx_word' id='word_1_78' title='bbox 2353 1712 2576 1783; x_wconf 92' lang='lat' dir='ltr'><strong>collu-</strong></span> 
     </span>
     <span class='ocr_line' id='line_1_12' title="bbox 440 1827 2576 1926; baseline -0.001 -28"><span class='ocrx_word' id='word_1_79' title='bbox 440 1841 710 1899; x_wconf 90' lang='lat' dir='ltr'><strong>cerent.</strong></span> <span class='ocrx_word' id='word_1_80' title='bbox 754 1830 959 1924; x_wconf 89' lang='lat' dir='ltr'><strong>Atqui</strong></span> <span class='ocrx_word' id='word_1_81' title='bbox 1014 1852 1162 1898; x_wconf 91' lang='lat' dir='ltr'><strong>non</strong></span> <span class='ocrx_word' id='word_1_82' title='bbox 1191 1851 1394 1899; x_wconf 90' lang='lat' dir='ltr'><strong>secus</strong></span> <span class='ocrx_word' id='word_1_83' title='bbox 1424 1830 1497 1898; x_wconf 94' lang='lat' dir='ltr'><strong>in</strong></span> <span class='ocrx_word' id='word_1_84' title='bbox 1534 1830 1736 1899; x_wconf 88' lang='lat' dir='ltr'><strong>terris</strong></span> <span class='ocrx_word' id='word_1_85' title='bbox 1769 1828 1996 1920; x_wconf 82' lang='lat' dir='ltr'><strong>duciS,</strong></span> <span class='ocrx_word' id='word_1_86' title='bbox 2041 1852 2175 1926; x_wconf 90' lang='lat' dir='ltr'><strong>pro</strong></span> <span class='ocrx_word' id='word_1_87' title='bbox 2206 1827 2387 1898; x_wconf 85' lang='lat' dir='ltr'><strong>felici</strong></span> <span class='ocrx_word' id='word_1_88' title='bbox 2423 1851 2576 1921; x_wconf 84' lang='lat' dir='ltr'><strong>quae</strong></span> 
     </span>
     <span class='ocr_line' id='line_1_13' title="bbox 441 1943 2579 2041; baseline 0 -27"><span class='ocrx_word' id='word_1_89' title='bbox 441 1944 542 2014; x_wconf 92' lang='lat' dir='ltr'><strong>eis</strong></span> <span class='ocrx_word' id='word_1_90' title='bbox 575 1960 1005 2041; x_wconf 88' lang='lat' dir='ltr'><strong>provenerat</strong></span> <span class='ocrx_word' id='word_1_91' title='bbox 1030 1945 1328 2015; x_wconf 89' lang='lat' dir='ltr'><strong>victoria</strong></span> <span class='ocrx_word' id='word_1_92' title='bbox 1352 2000 1369 2033; x_wconf 91' lang='lat'><strong>,</strong></span> <span class='ocrx_word' id='word_1_93' title='bbox 1400 1943 1898 2037; x_wconf 89' lang='lat' dir='ltr'><strong>hujuscemodi</strong></span> <span class='ocrx_word' id='word_1_94' title='bbox 1929 1946 2277 2017; x_wconf 90' lang='lat' dir='ltr'><strong>solemnia</strong></span> <span class='ocrx_word' id='word_1_95' title='bbox 2305 1956 2579 2041; x_wconf 85' lang='lat' dir='ltr'><strong>patrata</strong></span> 
     </span>
     <span class='ocr_line' id='line_1_14' title="bbox 442 2060 2582 2157; baseline 0 -27"><span class='ocrx_word' id='word_1_96' title='bbox 442 2074 633 2131; x_wconf 88' lang='lat' dir='ltr'><strong>sunt.</strong></span> <span class='ocrx_word' id='word_1_97' title='bbox 672 2060 1043 2157; x_wconf 89' lang='lat' dir='ltr'><strong>Quidquid</strong></span> <span class='ocrx_word' id='word_1_98' title='bbox 1077 2062 1408 2132; x_wconf 83' lang='lat' dir='ltr'><strong>tamenin</strong></span> <span class='ocrx_word' id='word_1_99' title='bbox 1433 2060 1843 2154; x_wconf 89' lang='lat' dir='ltr'><strong>hujusmodi</strong></span> <span class='ocrx_word' id='word_1_100' title='bbox 1873 2061 2314 2132; x_wconf 91' lang='lat' dir='ltr'><strong>solemnibus</strong></span> <span class='ocrx_word' id='word_1_101' title='bbox 2329 2062 2582 2132; x_wconf 85' lang='lat' dir='ltr'><strong>laetitiis</strong></span> 
     </span>
     <span class='ocr_line' id='line_1_15' title="bbox 440 2175 2576 2270; baseline -0 -24"><span class='ocrx_word' id='word_1_102' title='bbox 440 2191 791 2270; x_wconf 85' lang='lat' dir='ltr'><strong>ageretur,</strong></span> <span class='ocrx_word' id='word_1_103' title='bbox 820 2177 1131 2247; x_wconf 78' lang='lat' dir='ltr'><strong>veriores</strong></span> <span class='ocrx_word' id='word_1_104' title='bbox 1181 2199 1422 2247; x_wconf 87' lang='lat' dir='ltr'><strong>rerum</strong></span> <span class='ocrx_word' id='word_1_105' title='bbox 1470 2175 1930 2245; x_wconf 87' lang='lat' dir='ltr'><strong>aestimatores</strong></span> <span class='ocrx_word' id='word_1_106' title='bbox 1985 2177 2359 2246; x_wconf 79' lang='lat' dir='ltr'><strong>victoriam</strong></span> <span class='ocrx_word' id='word_1_107' title='bbox 2414 2175 2576 2246; x_wconf 88' lang='lat' dir='ltr'><strong>duci</strong></span> 
     </span>
     <span class='ocr_line' id='line_1_16' title="bbox 442 2290 2576 2390; baseline -0 -29"><span class='ocrx_word' id='word_1_108' title='bbox 442 2293 727 2363; x_wconf 78' lang='lat' dir='ltr'><strong>Austriae</strong></span> <span class='ocrx_word' id='word_1_109' title='bbox 756 2307 825 2363; x_wconf 89' lang='lat' dir='ltr'><strong>et</strong></span> <span class='ocrx_word' id='word_1_110' title='bbox 858 2294 1003 2362; x_wconf 90' lang='lat' dir='ltr'><strong>suis</strong></span> <span class='ocrx_word' id='word_1_111' title='bbox 1043 2294 1453 2390; x_wconf 75' lang='lat' dir='ltr'><strong>provenisse</strong></span> <span class='ocrx_word' id='word_1_112' title='bbox 1484 2290 1917 2362; x_wconf 88' lang='lat' dir='ltr'><strong>asserebant.</strong></span> <span class='ocrx_word' id='word_1_113' title='bbox 1967 2297 2142 2362; x_wconf 88' lang='lat' dir='ltr'><strong>Nam</strong></span> <span class='ocrx_word' id='word_1_114' title='bbox 2167 2306 2235 2361; x_wconf 86' lang='lat' dir='ltr'><strong>et</strong></span> <span class='ocrx_word' id='word_1_115' title='bbox 2275 2292 2350 2361; x_wconf 90' lang='lat' dir='ltr'><strong>in</strong></span> <span class='ocrx_word' id='word_1_116' title='bbox 2386 2292 2576 2382; x_wconf 78' lang='lat' dir='ltr'><strong>loen,</strong></span> 
     </span>
     <span class='ocr_line' id='line_1_17' title="bbox 444 2407 2583 2507; baseline -0.002 -27"><span class='ocrx_word' id='word_1_117' title='bbox 444 2409 569 2480; x_wconf 89' lang='lat' dir='ltr'><strong>ubi</strong></span> <span class='ocrx_word' id='word_1_118' title='bbox 616 2408 947 2507; x_wconf 88' lang='lat' dir='ltr'><strong>proelium</strong></span> <span class='ocrx_word' id='word_1_119' title='bbox 1000 2423 1411 2479; x_wconf 89' lang='lat' dir='ltr'><strong>consertum</strong></span> <span class='ocrx_word' id='word_1_120' title='bbox 1466 2407 1629 2496; x_wconf 86' lang='lat' dir='ltr'><strong>fuit,</strong></span> <span class='ocrx_word' id='word_1_121' title='bbox 1672 2422 1955 2479; x_wconf 90' lang='lat' dir='ltr'><strong>constat</strong></span> <span class='ocrx_word' id='word_1_122' title='bbox 2007 2433 2175 2479; x_wconf 90' lang='lat' dir='ltr'><strong>eum</strong></span> <span class='ocrx_word' id='word_1_123' title='bbox 2226 2432 2394 2478; x_wconf 90' lang='lat' dir='ltr'><strong>cum</strong></span> <span class='ocrx_word' id='word_1_124' title='bbox 2441 2409 2583 2476; x_wconf 90' lang='lat' dir='ltr'><strong>suis</strong></span> 
     </span>
     <span class='ocr_line' id='line_1_18' title="bbox 445 2524 2582 2622; baseline -0.002 -26"><span class='ocrx_word' id='word_1_125' title='bbox 445 2526 673 2622; x_wconf 91' lang='lat' dir='ltr'><strong>copiis</strong></span> <span class='ocrx_word' id='word_1_126' title='bbox 702 2539 1154 2622; x_wconf 85' lang='lat' dir='ltr'><strong>pernoctasse</strong></span> <span class='ocrx_word' id='word_1_127' title='bbox 1209 2552 1224 2595; x_wconf 76' lang='grc' dir='ltr'><strong><em>ε</em></strong></span> <span class='ocrx_word' id='word_1_128' title='bbox 1261 2524 1460 2620; x_wconf 90' lang='lat' dir='ltr'><strong>quod</strong></span> <span class='ocrx_word' id='word_1_129' title='bbox 1493 2526 1790 2595; x_wconf 90' lang='lat' dir='ltr'><strong>minime</strong></span> <span class='ocrx_word' id='word_1_130' title='bbox 1825 2524 1974 2595; x_wconf 80' lang='lat' dir='ltr'><strong>fieri</strong></span> <span class='ocrx_word' id='word_1_131' title='bbox 2001 2526 2380 2622; x_wconf 89' lang='lat' dir='ltr'><strong>potuisset,</strong></span> <span class='ocrx_word' id='word_1_132' title='bbox 2417 2548 2582 2593; x_wconf 91' lang='lat' dir='ltr'><strong>cum</strong></span> 
     </span>
     <span class='ocr_line' id='line_1_19' title="bbox 447 2642 2584 2739; baseline -0 -27"><span class='ocrx_word' id='word_1_133' title='bbox 447 2643 647 2713; x_wconf 89' lang='lat' dir='ltr'><strong>locus</strong></span> <span class='ocrx_word' id='word_1_134' title='bbox 696 2642 813 2712; x_wconf 86' lang='lat' dir='ltr'><strong>ille</strong></span> <span class='ocrx_word' id='word_1_135' title='bbox 860 2643 1046 2713; x_wconf 91' lang='lat' dir='ltr'><strong>intra</strong></span> <span class='ocrx_word' id='word_1_136' title='bbox 1098 2642 1355 2713; x_wconf 87' lang='lat' dir='ltr'><strong>limites</strong></span> <span class='ocrx_word' id='word_1_137' title='bbox 1406 2658 1756 2713; x_wconf 87' lang='lat' dir='ltr'><strong>terrarum</strong></span> <span class='ocrx_word' id='word_1_138' title='bbox 1803 2666 1846 2713; x_wconf 93' lang='lat' dir='ltr'><strong>a</strong></span> <span class='ocrx_word' id='word_1_139' title='bbox 1887 2667 2050 2737; x_wconf 85' lang='lat' dir='ltr'><strong>rege</strong></span> <span class='ocrx_word' id='word_1_140' title='bbox 2101 2666 2584 2739; x_wconf 90' lang='lat' dir='ltr'><strong>possessarum</strong></span> 
     </span>
     <span class='ocr_line' id='line_1_20' title="bbox 446 2757 2585 2855; baseline 0 -27"><span class='ocrx_word' id='word_1_141' title='bbox 446 2758 896 2847; x_wconf 86' lang='lat' dir='ltr'><strong>consisteret,</strong></span> <span class='ocrx_word' id='word_1_142' title='bbox 938 2758 1070 2827; x_wconf 89' lang='lat' dir='ltr'><strong>nisi</strong></span> <span class='ocrx_word' id='word_1_143' title='bbox 1108 2759 1300 2829; x_wconf 79' lang='lat' dir='ltr'><strong>caesis</strong></span> <span class='ocrx_word' id='word_1_144' title='bbox 1346 2759 1454 2829; x_wconf 71' lang='lat' dir='ltr'><strong>vel</strong></span> <span class='ocrx_word' id='word_1_145' title='bbox 1491 2758 1657 2828; x_wconf 91' lang='lat' dir='ltr'><strong>inde</strong></span> <span class='ocrx_word' id='word_1_146' title='bbox 1716 2757 1968 2852; x_wconf 83' lang='lat' dir='ltr'><strong>sugatis</strong></span> <span class='ocrx_word' id='word_1_147' title='bbox 2003 2757 2312 2855; x_wconf 77' lang='lat' dir='ltr'><strong>fusisque</strong></span> <span class='ocrx_word' id='word_1_148' title='bbox 2364 2759 2585 2829; x_wconf 86' lang='lat' dir='ltr'><strong>hosti-</strong></span> 
     </span>
     <span class='ocr_line' id='line_1_21' title="bbox 450 2872 2584 2970; baseline -0 -26"><span class='ocrx_word' id='word_1_149' title='bbox 450 2872 613 2964; x_wconf 82' lang='lat' dir='ltr'><strong>buS,</strong></span> <span class='ocrx_word' id='word_1_150' title='bbox 679 2873 822 2943; x_wconf 92' lang='lat' dir='ltr'><strong>illic</strong></span> <span class='ocrx_word' id='word_1_151' title='bbox 867 2873 1342 2970; x_wconf 89' lang='lat' dir='ltr'><strong>pernoctandi</strong></span> <span class='ocrx_word' id='word_1_152' title='bbox 1410 2873 1817 2945; x_wconf 88' lang='lat' dir='ltr'><strong>victricibus</strong></span> <span class='ocrx_word' id='word_1_153' title='bbox 1882 2876 2100 2945; x_wconf 89' lang='lat' dir='ltr'><strong>armis</strong></span> <span class='ocrx_word' id='word_1_154' title='bbox 2155 2873 2288 2943; x_wconf 89' lang='lat' dir='ltr'><strong>sibi</strong></span> <span class='ocrx_word' id='word_1_155' title='bbox 2349 2873 2584 2943; x_wconf 80' lang='lat' dir='ltr'><strong>fuisset</strong></span> 
     </span>
     <span class='ocr_line' id='line_1_22' title="bbox 449 2988 1154 3085; baseline -0.004 -25"><span class='ocrx_word' id='word_1_156' title='bbox 449 2988 797 3085; x_wconf 90' lang='lat' dir='ltr'><strong>acquisita</strong></span> <span class='ocrx_word' id='word_1_157' title='bbox 837 2988 1154 3059; x_wconf 80' lang='lat' dir='ltr'><strong>facultaS.</strong></span> 
     </span>
    </p>
   </div>
   <div class='ocr_carea' id='block_1_3' title="bbox 450 3103 2586 3313">
    <p class='ocr_par' dir='ltr' id='par_1_4' title="bbox 450 3103 2586 3313">
     <span class='ocr_line' id='line_1_23' title="bbox 551 3103 2582 3202; baseline 0.002 -30"><span class='ocrx_word' id='word_1_158' title='bbox 551 3104 760 3175; x_wconf 84' lang='lat' dir='ltr'><strong>Initio</strong></span> <span class='ocrx_word' id='word_1_159' title='bbox 796 3128 973 3174; x_wconf 83' lang='lat' dir='ltr'><strong>caesa</strong></span> <span class='ocrx_word' id='word_1_160' title='bbox 1006 3103 1191 3175; x_wconf 88' lang='lat' dir='ltr'><strong>ultra</strong></span> <span class='ocrx_word' id='word_1_161' title='bbox 1233 3104 1483 3175; x_wconf 88' lang='lat' dir='ltr'><strong>decem</strong></span> <span class='ocrx_word' id='word_1_162' title='bbox 1531 3106 1751 3175; x_wconf 88' lang='lat' dir='ltr'><strong>millia</strong></span> <span class='ocrx_word' id='word_1_163' title='bbox 1796 3111 2230 3175; x_wconf 83' lang='lat' dir='ltr'><strong>Francorum</strong></span> <span class='ocrx_word' id='word_1_164' title='bbox 2264 3106 2582 3202; x_wconf 87' lang='lat' dir='ltr'><strong>peditum</strong></span> 
     </span>
     <span class='ocr_line' id='line_1_24' title="bbox 450 3214 2586 3313; baseline 0.002 -29"><span class='ocrx_word' id='word_1_165' title='bbox 450 3214 901 3303; x_wconf 85' lang='lat' dir='ltr'><strong>ferebantur3</strong></span> <span class='ocrx_word' id='word_1_166' title='bbox 943 3214 1068 3287; x_wconf 90' lang='lat' dir='ltr'><strong>sed</strong></span> <span class='ocrx_word' id='word_1_167' title='bbox 1107 3217 1569 3312; x_wconf 83' lang='lat' dir='ltr'><strong>postmodum</strong></span> <span class='ocrx_word' id='word_1_168' title='bbox 1612 3218 1844 3287; x_wconf 77' lang='lat' dir='ltr'><strong>verius</strong></span> <span class='ocrx_word' id='word_1_169' title='bbox 1881 3216 2267 3313; x_wconf 89' lang='lat' dir='ltr'><strong>putabatur</strong></span> <span class='ocrx_word' id='word_1_170' title='bbox 2309 3219 2451 3289; x_wconf 90' lang='lat' dir='ltr'><strong>illic</strong></span> <span class='ocrx_word' id='word_1_171' title='bbox 2498 3220 2586 3288; x_wconf 90' lang='lat' dir='ltr'><strong>de</strong></span> 
     </span>
    </p>
   </div>
   <div class='ocr_carea' id='block_1_4' title="bbox 447 3333 2592 4355">
    <p class='ocr_par' dir='ltr' id='par_1_5' title="bbox 447 3333 2592 4355">
     <span class='ocr_line' id='line_1_25' title="bbox 450 3333 2580 3431; baseline 0.001 -30"><span class='ocrx_word' id='word_1_172' title='bbox 450 3334 619 3431; x_wconf 91' lang='lat' dir='ltr'><strong>ipsis</strong></span> <span class='ocrx_word' id='word_1_173' title='bbox 684 3357 831 3403; x_wconf 93' lang='lat' dir='ltr'><strong>non</strong></span> <span class='ocrx_word' id='word_1_174' title='bbox 887 3333 1073 3403; x_wconf 90' lang='lat' dir='ltr'><strong>ultra</strong></span> <span class='ocrx_word' id='word_1_175' title='bbox 1126 3359 1242 3402; x_wconf 80' lang='lat' dir='ltr'><strong>sex</strong></span> <span class='ocrx_word' id='word_1_176' title='bbox 1292 3334 1402 3403; x_wconf 83' lang='lat' dir='ltr'><strong>vel</strong></span> <span class='ocrx_word' id='word_1_177' title='bbox 1462 3348 1734 3430; x_wconf 86' lang='lat' dir='ltr'><strong>septem</strong></span> <span class='ocrx_word' id='word_1_178' title='bbox 1785 3334 2006 3405; x_wconf 90' lang='lat' dir='ltr'><strong>millia</strong></span> <span class='ocrx_word' id='word_1_179' title='bbox 2058 3334 2418 3404; x_wconf 86' lang='lat' dir='ltr'><strong>cecidisse.</strong></span> <span class='ocrx_word' id='word_1_180' title='bbox 2486 3340 2580 3404; x_wconf 79' lang='lat' dir='ltr'><strong>Ex</strong></span> 
     </span>
     <span class='ocr_line' id='line_1_26' title="bbox 447 3448 2581 3547; baseline 0 -28"><span class='ocrx_word' id='word_1_181' title='bbox 447 3448 809 3545; x_wconf 89' lang='lat' dir='ltr'><strong>equitibus</strong></span> <span class='ocrx_word' id='word_1_182' title='bbox 842 3474 1015 3520; x_wconf 85' lang='lat' dir='ltr'><strong>vero</strong></span> <span class='ocrx_word' id='word_1_183' title='bbox 1056 3454 1493 3521; x_wconf 89' lang='lat' dir='ltr'><strong>Francorum</strong></span> <span class='ocrx_word' id='word_1_184' title='bbox 1535 3473 1759 3547; x_wconf 76' lang='lat' dir='ltr'><strong>parvo</strong></span> <span class='ocrx_word' id='word_1_185' title='bbox 1799 3474 2102 3520; x_wconf 88' lang='lat' dir='ltr'><strong>numero</strong></span> <span class='ocrx_word' id='word_1_186' title='bbox 2146 3450 2581 3521; x_wconf 88' lang='lat' dir='ltr'><strong>ceciderunt.</strong></span> 
     </span>
     <span class='ocr_line' id='line_1_27' title="bbox 454 3566 2588 3663; baseline 0.001 -29"><span class='ocrx_word' id='word_1_187' title='bbox 454 3570 540 3634; x_wconf 89' lang='lat' dir='ltr'><strong>Et</strong></span> <span class='ocrx_word' id='word_1_188' title='bbox 577 3566 814 3636; x_wconf 85' lang='lat' dir='ltr'><strong>ferunt</strong></span> <span class='ocrx_word' id='word_1_189' title='bbox 852 3568 1070 3662; x_wconf 88' lang='lat' dir='ltr'><strong>aliqui</strong></span> <span class='ocrx_word' id='word_1_190' title='bbox 1124 3568 1319 3663; x_wconf 84' lang='lat' dir='ltr'><strong>quod</strong></span> <span class='ocrx_word' id='word_1_191' title='bbox 1343 3622 1362 3656; x_wconf 85' lang='lat'><strong>,</strong></span> <span class='ocrx_word' id='word_1_192' title='bbox 1401 3592 1567 3636; x_wconf 87' lang='lat' dir='ltr'><strong>cum</strong></span> <span class='ocrx_word' id='word_1_193' title='bbox 1606 3566 1880 3662; x_wconf 79' lang='lat' dir='ltr'><strong>pedites</strong></span> <span class='ocrx_word' id='word_1_194' title='bbox 1909 3573 2344 3637; x_wconf 79' lang='lat' dir='ltr'><strong>Francorum</strong></span> <span class='ocrx_word' id='word_1_195' title='bbox 2395 3568 2588 3637; x_wconf 74' lang='lat' dir='ltr'><strong>vide·</strong></span> 
     </span>
     <span class='ocr_line' id='line_1_28' title="bbox 456 3682 2586 3780; baseline 0 -29"><span class='ocrx_word' id='word_1_196' title='bbox 456 3695 621 3751; x_wconf 85' lang='lat' dir='ltr'><strong>runt</strong></span> <span class='ocrx_word' id='word_1_197' title='bbox 652 3682 925 3776; x_wconf 84' lang='lat' dir='ltr'><strong>equites</strong></span> <span class='ocrx_word' id='word_1_198' title='bbox 961 3708 1165 3773; x_wconf 81' lang='lat' dir='ltr'><strong>suoS,</strong></span> <span class='ocrx_word' id='word_1_199' title='bbox 1205 3686 1327 3779; x_wconf 81' lang='lat' dir='ltr'><strong>qui</strong></span> <span class='ocrx_word' id='word_1_200' title='bbox 1362 3684 1757 3778; x_wconf 83' lang='lat' dir='ltr'><strong>equitatum</strong></span> <span class='ocrx_word' id='word_1_201' title='bbox 1794 3684 1994 3754; x_wconf 87' lang='lat' dir='ltr'><strong>ducis</strong></span> <span class='ocrx_word' id='word_1_202' title='bbox 2027 3739 2043 3771; x_wconf 88' lang='lat'><strong>‚</strong></span> <span class='ocrx_word' id='word_1_203' title='bbox 2083 3684 2185 3752; x_wconf 89' lang='lat' dir='ltr'><strong>uti</strong></span> <span class='ocrx_word' id='word_1_204' title='bbox 2225 3707 2438 3780; x_wconf 87' lang='lat' dir='ltr'><strong>supra</strong></span> <span class='ocrx_word' id='word_1_205' title='bbox 2481 3709 2586 3752; x_wconf 88' lang='lat' dir='ltr'><strong>re-</strong></span> 
     </span>
     <span class='ocr_line' id='line_1_29' title="bbox 452 3798 2592 3895; baseline 0.001 -31"><span class='ocrx_word' id='word_1_206' title='bbox 452 3798 784 3886; x_wconf 76' lang='lat' dir='ltr'><strong>tulimuS,</strong></span> <span class='ocrx_word' id='word_1_207' title='bbox 835 3800 1147 3893; x_wconf 82' lang='lat' dir='ltr'><strong>fugando</strong></span> <span class='ocrx_word' id='word_1_208' title='bbox 1201 3798 1784 3894; x_wconf 80' lang='lat' dir='ltr'><strong>insequebantur,</strong></span> <span class='ocrx_word' id='word_1_209' title='bbox 1852 3800 1982 3869; x_wconf 83' lang='lat' dir='ltr'><strong>iter</strong></span> <span class='ocrx_word' id='word_1_210' title='bbox 2042 3823 2296 3895; x_wconf 78' lang='lat' dir='ltr'><strong>capere</strong></span> <span class='ocrx_word' id='word_1_211' title='bbox 2353 3824 2592 3867; x_wconf 69' lang='lat' dir='ltr'><strong>versus</strong></span> 
     </span>
     <span class='ocr_line' id='line_1_30' title="bbox 456 3913 2591 4011; baseline 0.001 -32"><span class='ocrx_word' id='word_1_212' title='bbox 456 3914 854 4002; x_wconf 77' lang='lat' dir='ltr'><strong>Morinum,</strong></span> <span class='ocrx_word' id='word_1_213' title='bbox 901 3915 1100 4008; x_wconf 83' lang='lat' dir='ltr'><strong>quod</strong></span> <span class='ocrx_word' id='word_1_214' title='bbox 1140 3916 1268 4011; x_wconf 82' lang='lat' dir='ltr'><strong>ipsi</strong></span> <span class='ocrx_word' id='word_1_215' title='bbox 1321 3916 1843 3984; x_wconf 62' lang='lat' dir='ltr'><strong>aestimaverunt</strong></span> <span class='ocrx_word' id='word_1_216' title='bbox 1885 3939 2006 3983; x_wconf 87' lang='lat' dir='ltr'><strong>eos</strong></span> <span class='ocrx_word' id='word_1_217' title='bbox 2053 3913 2292 4007; x_wconf 74' lang='lat' dir='ltr'><strong>sugam</strong></span> <span class='ocrx_word' id='word_1_218' title='bbox 2327 3914 2591 4009; x_wconf 74' lang='lat' dir='ltr'><strong>cepisse</strong></span> 
     </span>
     <span class='ocr_line' id='line_1_31' title="bbox 454 4028 2590 4125; baseline 0.001 -32"><span class='ocrx_word' id='word_1_219' title='bbox 454 4043 520 4096; x_wconf 78' lang='lat' dir='ltr'><strong>et</strong></span> <span class='ocrx_word' id='word_1_220' title='bbox 565 4044 758 4123; x_wconf 80' lang='lat' dir='ltr'><strong>terga</strong></span> <span class='ocrx_word' id='word_1_221' title='bbox 798 4031 1081 4100; x_wconf 62' lang='lat' dir='ltr'><strong>vertisse</strong></span> <span class='ocrx_word' id='word_1_222' title='bbox 1125 4030 1489 4117; x_wconf 86' lang='lat' dir='ltr'><strong>hostibus;</strong></span> <span class='ocrx_word' id='word_1_223' title='bbox 1544 4054 1700 4125; x_wconf 59' lang='lat' dir='ltr'><strong>qua),</strong></span> <span class='ocrx_word' id='word_1_224' title='bbox 1740 4029 2109 4099; x_wconf 72' lang='lat' dir='ltr'><strong>aestimatio</strong></span> <span class='ocrx_word' id='word_1_225' title='bbox 2157 4030 2257 4099; x_wconf 89' lang='lat' dir='ltr'><strong>eis</strong></span> <span class='ocrx_word' id='word_1_226' title='bbox 2305 4028 2590 4097; x_wconf 84' lang='lat' dir='ltr'><strong>immisit</strong></span> 
     </span>
     <span class='ocr_line' id='line_1_32' title="bbox 454 4145 2590 4241; baseline -0 -27"><span class='ocrx_word' id='word_1_227' title='bbox 454 4169 797 4241; x_wconf 75' lang='lat' dir='ltr'><strong>pavorem</strong></span> <span class='ocrx_word' id='word_1_228' title='bbox 854 4162 917 4215; x_wconf 81' lang='lat' dir='ltr'><strong>et</strong></span> <span class='ocrx_word' id='word_1_229' title='bbox 981 4171 1266 4218; x_wconf 85' lang='lat' dir='ltr'><strong>causam</strong></span> <span class='ocrx_word' id='word_1_230' title='bbox 1320 4147 1504 4216; x_wconf 81' lang='lat' dir='ltr'><strong>exitii</strong></span> <span class='ocrx_word' id='word_1_231' title='bbox 1565 4146 1820 4216; x_wconf 86' lang='lat' dir='ltr'><strong>attulit.</strong></span> <span class='ocrx_word' id='word_1_232' title='bbox 1873 4146 2011 4215; x_wconf 89' lang='lat' dir='ltr'><strong>Sed</strong></span> <span class='ocrx_word' id='word_1_233' title='bbox 2071 4145 2426 4241; x_wconf 76' lang='lat' dir='ltr'><strong>prot&#39;ectO,</strong></span> <span class='ocrx_word' id='word_1_234' title='bbox 2491 4145 2590 4213; x_wconf 87' lang='lat' dir='ltr'><strong>uti</strong></span> 
     </span>
     <span class='ocr_line' id='line_1_33' title="bbox 452 4261 2586 4355; baseline -0.002 -25"><span class='ocrx_word' id='word_1_235' title='bbox 452 4262 785 4351; x_wconf 81' lang='lat' dir='ltr'><strong>diximus,</strong></span> <span class='ocrx_word' id='word_1_236' title='bbox 819 4289 899 4332; x_wconf 88' lang='lat' dir='ltr'><strong>ea</strong></span> <span class='ocrx_word' id='word_1_237' title='bbox 926 4264 1217 4333; x_wconf 82' lang='lat' dir='ltr'><strong>victoria</strong></span> <span class='ocrx_word' id='word_1_238' title='bbox 1248 4289 1391 4332; x_wconf 92' lang='lat' dir='ltr'><strong>non</strong></span> <span class='ocrx_word' id='word_1_239' title='bbox 1422 4266 1790 4332; x_wconf 82' lang='lat' dir='ltr'><strong>incruenta</strong></span> <span class='ocrx_word' id='word_1_240' title='bbox 1819 4263 2194 4353; x_wconf 72' lang='lat' dir='ltr'><strong>Flamingis</strong></span> <span class='ocrx_word' id='word_1_241' title='bbox 2223 4261 2540 4355; x_wconf 77' lang='lat' dir='ltr'><strong>provenit</strong></span> <span class='ocrx_word' id='word_1_242' title='bbox 2571 4287 2586 4343; x_wconf 74' lang='lat'>3</span> 
     </span>
    </p>
   </div>
  </div>
 </body>
</html>
