3400 5417
944 495 1017 551 40
1491 491 2006 550 HISTORIARUM
2048 490 2403 547 LUDOVICI
2444 493 2530 547 XI

942 629 1090 724 agri
1126 623 1369 699 inculti
1422 623 1760 721 jacebant
1803 649 1819 692 ε
1854 623 2046 693 unde
2075 645 2360 694 necesse
2411 639 2562 696 erat
2601 624 2695 696 ad
2742 624 3088 722 hujusce-

946 743 1143 816 modi
1176 744 1506 815 locorum
1540 743 2016 813 munitionem
2069 757 2138 812 et
2185 743 2668 839 provisionem
2720 742 3039 814 militum
3061 798 3082 831 ‚

943 861 1065 956 qui
1097 860 1238 930 illic
1270 858 1493 929 relicti
1532 871 1770 945 erant,
1821 851 1910 926 de
1969 854 2476 927 remotioribus
2515 856 2901 953 provinciis
2943 858 3092 928 vic-

944 976 1161 1049 tualia
1204 975 1587 1075 provideri.
1630 963 1948 1061 Quae'res
1999 973 2562 1071 provincialibus
2615 974 2820 1068 regiae
2866 972 3090 1045 ditio·

945 1094 1082 1182 niS‚
1120 1093 1274 1163 aliis
1312 1089 1768 1189 superaddita
1801 1088 2227 1185 gravissimis
2267 1088 2732 1159 collationum
2764 1103 2836 1159 et
2861 1091 3089 1160 servi-

945 1211 1208 1280 tiorum
1241 1208 1607 1294 oneribus,
1655 1231 1806 1277 non
1839 1229 2065 1303 parvo
2103 1207 2304 1277 oneri
2353 1220 2566 1303 atque
2614 1205 3092 1277 incommodo

948 1324 1157 1395 fuisse
1192 1323 1571 1396 ferebatur.

1048 1444 1188 1515 Sed
1246 1470 1414 1515 cum
1484 1446 1582 1516 ita
1643 1442 1927 1514 hiberni
1990 1441 2259 1538 absque
2329 1442 2572 1511 castris
2627 1439 3100 1513 decurrerent

952 1586 1271 1648 menseS‚
1339 1563 1414 1631 in
1468 1560 1786 1631 hibernis
1839 1560 2173 1655 utrinque
2237 1557 2579 1629 militibus
2645 1557 3053 1630 distributis
3077 1617 3094 1650 ‚

955 1694 1255 1752 conatus
1282 1703 1580 1774 magnus
1608 1678 2116 1750 intendebatur
2136 1700 2265 1775 per
2296 1664 2881 1769 Maximilianum,
2927 1684 3100 1749 Aus-

955 1798 1102 1868 triae-
1142 1797 1402 1867 ducem
1428 1853 1447 1889 ‚
1502 1810 1574 1867 et
1617 1797 2021 1889 Flamingos
2052 1852 2074 1888 ‚
2120 1810 2237 1886 ut,
2279 1784 2849 1866 Tornacensibus
2891 1797 3099 1866 omni

959 1914 1287 1985 facultate
1320 1912 1598 1985 sublata
1648 1937 1953 1985 annonae
1991 1912 2082 1983 de
2130 1911 2297 1981 foris
2328 1910 2766 1983 advehendae
2792 1967 2811 2003 ,
2848 1913 3096 1985 civitas

957 2031 1148 2126 ipsa,
1201 2027 1293 2099 ad
1345 2043 1733 2100 extremam
1773 2044 2021 2103 coacta
2069 2029 2480 2125 penuriam,
2533 2027 3021 2100 defectionem
3057 2053 3094 2098 a

959 2169 1122 2239 rege
1153 2145 1412 2215 faceret
1438 2160 1507 2215 et
1542 2142 1840 2215 subiret¹
1876 2144 2102 2238 legeS,
2131 2142 2377 2239 quales
2407 2144 2508 2214 eis
2539 2142 2776 2215 eidem
2809 2148 3096 2216 Austriae

959 2260 1127 2331 duci
1156 2275 1228 2330 et
1253 2262 1396 2332 suis
1428 2260 1599 2332 dare
1633 2259 1973 2331 libuisset.
2021 2263 2106 2330 Et
2141 2257 2474 2359 quidem,
2529 2273 2611 2329 ut
2640 2260 2890 2331 durius
2924 2287 3094 2333 con-

959 2379 1496 2475 stringerentur,
1530 2392 1601 2447 et
1632 2378 1838 2447 citius
1873 2375 1966 2447 ad
2001 2399 2212 2447 suum
2256 2374 2686 2446 desiderium
2719 2376 3097 2473 perficien-

961 2494 1135 2565 dum
1179 2494 1370 2565 idem
1415 2494 1561 2563 dux
1604 2494 1974 2591 pervenire
2021 2506 2293 2589 posset,
2338 2493 2720 2563 contractis
2777 2496 3096 2592 undique

959 2610 1186 2707 copiis
1252 2625 1399 2681 tam
1457 2614 1507 2678 F
1510 2610 1986 2704 lamingorum
2045 2632 2262 2704 quam
2337 2611 2862 2681 Germanorum
2891 2669 2910 2702 ‚
2982 2613 3095 2707 qui

961 2724 1281 2822 quotidie
1319 2749 1403 2794 ex
1448 2725 1812 2821 superiore
1846 2724 2230 2795 Germania
2279 2723 2370 2793 ad
2411 2747 2614 2794 suam
2648 2726 3057 2798 servitutem
3081 2730 3098 2762 ²

960 2842 1169 2937 eique
1216 2840 1557 2911 auxilium
1596 2839 1970 2910 ferendum
2017 2864 2146 2936 per
2180 2853 2448 2910 turmas
2478 2839 2916 2913 descendere
2956 2868 3094 2913 non

963 2954 1370 3049 cessabant,
1422 2957 1589 3027 exiit
1637 2957 1709 3025 in
1751 2980 1958 3051 agros
2001 2959 2522 3045 Tornacenses,
2562 2956 2762 3027 villas
2801 2958 3098 3030 circum-

963 3098 1249 3172 quaque
1289 3076 1654 3147 universas
1698 3074 2034 3145 incendio
2076 3089 2144 3145 et
2189 3074 2454 3169 rapinis
2494 3090 2910 3170 pervastatis
2936 3133 2955 3168 ,
3007 3077 3098 3145 ita

964 3208 1045 3263 ut
1100 3216 1233 3264 nec
1296 3193 1554 3265 domus
1617 3194 1686 3262 in
1755 3192 1876 3262 illo
1922 3191 2277 3261 territorio
2342 3193 2769 3262 ‘fornacensi
2838 3194 3096 3264 intacta

965 3309 1379 3380 remansisse
1425 3308 1804 3379 diceretur.

1062 3427 1226 3510 Quo
1278 3424 1501 3512 facto,
1568 3424 1670 3493 sic
1731 3423 2085 3521 populatis
2130 3437 2200 3492 et
2261 3424 2546 3493 vastatis
2603 3423 3098 3518 hujuscemodi

966 3539 1183 3637 agriS,
1218 3540 1309 3611 ad
1339 3542 1630 3637 propria
1664 3539 1909 3628 rediit;
1941 3538 2066 3609 sed
2095 3564 2226 3609 nec
2257 3540 2355 3608 sic
2393 3555 2666 3611 tantum
2705 3564 2827 3609 eos
2862 3563 3100 3611 coarc-

962 3671 1115 3727 tare
1156 3656 1425 3752 potuit,
1474 3670 1550 3725 ut
1590 3657 1682 3727 ad
1722 3656 2020 3726 civitatis
2062 3655 2538 3743 deditionem,
2589 3656 2681 3725 ad
2731 3680 2954 3751 quam
2996 3658 3100 3725 in-

965 3771 1307 3843 tendebat.
1330 3828 1349 3862 ,
1390 3774 1758 3869 pervenire
1793 3773 2136 3868 potuerit;
2177 3787 2248 3842 et
2282 3772 2441 3841 licet
2478 3774 2702 3842 multa
2739 3796 2865 3867 per
2902 3772 3102 3842 Flan-

966 3888 1195 3960 driam
1220 3890 1291 3958 in
1322 3890 1535 3983 vulgo
1564 3889 2025 3993 jactarentur,
2060 3888 2256 3984 qnod
2291 3913 2332 3960 a
2362 3889 2646 3959 Francis
2676 3888 2766 3957 de
2795 3914 3100 3959 annona-‘e

970 4005 1375 4076 necessariae
1427 4004 1846 4076 advectione
1899 4006 2159 4076 civitati
2195 3999 2553 4075 subreniri
2592 4004 2795 4101 [non]
2823 4020 3094 4102 posset,

1050 4162 1105 4216 1.
1156 4162 1382 4229 Fac-ere,
1405 4158 1592 4215 subire
1625 4158 1766 4213 (lans
1795 4158 1849 4213 le
1878 4178 1982 4213 ins.

1049 4256 1106 4309 2.
1156 4253 1417 4327 Corrigez
1446 4256 1528 4307 acl
1551 4274 1710 4307 seeum
1741 4258 2044 4311 servitium,
