3400 5417
912 486 989 541 91,
1451 484 1844 542 HISTORIAR
1851 483 1964 539 UM
2003 480 2363 539 LUDovlcl
2404 480 2484 539 Xl

909 614 1052 686 exit
1080 614 1171 685 de
1206 614 1500 686 flumine
1532 615 1623 685 de
1662 613 1891 685 Lecka
1933 611 2162 711 (quod
2201 613 2468 685 flumen
2515 612 2751 709 portio
2789 625 2895 683 est
2955 626 3024 682 et

910 730 1315 804 membrum
1384 731 1609 802 Rheni
1676 730 2045 827 fluminis),
2129 729 2455 829 praesidio
2529 730 2838 801 militum
2901 754 3022 801 seu

908 847 1367 920 rutherorum
1422 846 1849 918 munierant.
1914 850 2095 918 Cum
2147 860 2386 918 tamen
2444 845 2798 917 incautius
2845 844 3017 938 illic,

908 963 1178 1061 absque
1213 964 1379 1035 valli
1418 964 1865 1035 munimento
1921 979 2045 1036 aut
2066 965 2310 1036 castris
2340 987 2545 1035 more
2572 962 2860 1034 militari
2891 961 3026 1033 dis-

905 1080 1178 1179 positiS,
1216 1104 1291 1153 se
1324 1077 1735 1151 effudissent
1753 1135 1772 1173 ‚
1811 1104 1944 1152 nec
1983 1078 2076 1150 ad
2105 1078 2624 1176 explorandum
2658 1079 3024 1151 molimina

905 1195 1452 1291 Trajectensium
1472 1250 1492 1287 ,
1544 1218 1855 1289 quorum
1889 1195 2134 1265 civitas
2183 1192 2278 1265 ab
2317 1218 2406 1265 eo
2442 1194 2608 1265 loco
2666 1219 2816 1267 non
2877 1218 3024 1267 am-

908 1311 1093 1408 plius
1126 1335 1273 1382 uno
1305 1310 1585 1381 milliari
1614 1310 1856 1407 patriae
1895 1325 2170 1381 remota
2202 1324 2306 1380 est
2324 1364 2345 1401 ‚
2383 1333 2706 1381 cursores
2741 1310 3022 1408 expedi-

908 1441 1023 1498 tos
1042 1426 1415 1519 haberent,
1451 1425 1688 1497 subito
1712 1451 1863 1496 uno
1890 1450 2102 1498 mane
2124 1426 2480 1497 irruerunt
2509 1426 2581 1495 in
2604 1450 2729 1498 eos
2753 1427 3022 1523 Trajec-

911 1555 1141 1613 tenses
1171 1566 1339 1612 cum
1367 1540 1511 1613 suis
1539 1539 1868 1628 rutheriS,
1900 1555 1970 1612 et
1996 1564 2120 1612 eos
2147 1540 2534 1637 imparatos
2565 1564 2732 1611 cum
2767 1564 3023 1637 magno

908 1657 1219 1728 clamore
1250 1655 1522 1749 adorti,
1546 1656 1620 1725 in
1644 1654 1883 1749 fugam
1907 1668 2311 1747 verterunt,
2341 1654 2609 1751 absque
2645 1658 3024 1729 certamine

908 1772 1021 1843 vel
1054 1795 1317 1870 pugna.
1376 1770 1551 1842 Caesi
1600 1795 1683 1842 ex
1725 1770 1946 1867 ipsius
1999 1768 2484 1842 Hollandrinis
2531 1770 2812 1842 circiter
2861 1796 3026 1868 qua-

910 1890 1235 1987 draginta
1256 1946 1274 1981 ,
1307 1905 1379 1962 et
1419 1891 1607 1988 capti
1661 1891 1851 1962 circa
1906 1890 2264 1985 sexaginta
2317 1890 2748 1963 serebantur.
2785 1892 3030 1963 Caeteri

912 2006 1005 2078 ad
1038 2032 1279 2101 naveS,
1321 2031 1498 2103 quas
1527 2032 1654 2106 per
1684 2008 1951 2079 flumen
1976 2006 2405 2079 advexerant
2423 2062 2442 2100 ‚
2479 2024 2552 2078 et
2583 2008 2780 2099 aliam,
2817 2024 3030 2105 prout

910 2148 985 2195 se
1039 2126 1138 2195 eis
1173 2126 1669 2222 opportunitas
1696 2124 2094 2219 ingerebat,
2129 2124 2544 2220 confugium
2578 2127 3024 2199 invenerunt.

914 2239 1352 2312 Bombardas
1385 2265 1607 2336 usque
1643 2240 1736 2311 ad
1787 2265 2163 2311 numerum
2199 2268 2378 2332 xxx,
2422 2256 2574 2312 tum
2628 2266 3030 2336 grossarum

913 2371 1067 2427 tum
1111 2357 1514 2444 minorum,
1579 2357 1744 2428 satis
1791 2354 2067 2427 nobiles
2128 2382 2293 2427 cum
2340 2357 2618 2455 praeda,
2689 2382 2912 2454 quam
2945 2358 3031 2430 de

914 2471 1216 2544 navibus
1276 2472 1667 2570 expositam
1735 2471 1810 2541 in
1877 2485 2137 2542 terram
2209 2473 2526 2543 invenire
2602 2487 3026 2570 potuerunt,

914 2611 1079 2658 cum
1114 2586 1437 2684 pluribus
1483 2585 1904 2657 militaribus
1937 2586 2569 2658 Hollandrinorum
2611 2588 2828 2682 signis
2874 2593 3032 2660 Tra-

904 2703 1173 2800 jectum
1226 2704 1298 2772 in
1359 2726 1561 2773 suam
1614 2702 1966 2773 civitatem
2025 2703 2480 2791 invexerunt,
2547 2728 2714 2774 cum
2765 2728 3028 2800 magno

912 2820 1171 2889 civium
1211 2820 1579 2916 applausu.

1006 2933 1146 3004 Sed
1175 2957 1307 3003 nec
1342 2957 1426 3005 ea
1456 2933 1694 3005 laetitia
1721 2934 1821 3004 eis
1853 2934 2100 3029 longa,
2129 2959 2260 3004 nec
2283 2935 2504 3006 fausta
2536 2935 3027 3031 hujuscemodi

909 3063 1171 3145 tropaea
1208 3048 1652 3136 exstiterunt,
1694 3048 2307 3144 quemadmodum
2340 3050 2557 3145 paulo
2592 3066 2752 3147 post
2796 3051 2870 3121 in
2932 3077 3026 3123 se-

910 3164 1289 3263 quentibus
1323 3164 1732 3237 reseremus.
1786 3170 1878 3235 Ut
1934 3165 2126 3235 enim
2162 3166 2418 3236 cecinit
2451 3181 2663 3263 poeta
2703 3168 3022 3261 insignis·

910 3282 1126 3352 simus
1148 3338 1164 3371 ,

1084 3416 1307 3480 Nescia
1342 3439 1518 3479 mons
1551 3416 1887 3479 hominum
1917 3415 2028 3477 fati
2061 3416 2368 3504 sortisque
2403 3414 2626 3479 futurae
2647 3464 2665 3500 ‚

1085 3519 1218 3582 Nec
1251 3542 1493 3583 servare
1528 3518 1821 3593 modum,
1861 3517 2049 3581 rebus
2084 3519 2328 3581 sublata
2359 3517 2645 3582 secundis
2666 3522 2712 3581 ¹.

1007 3662 1346 3732 Miserunt
1377 3658 1679 3732 subinde
1721 3660 2194 3755 Trajectenses
2233 3661 2495 3756 legatos
2531 3685 2696 3732 suos
2757 3662 2829 3730 in
2875 3666 3023 3733 Bra·

908 3777 1227 3848 bantiam
1294 3802 1424 3875 pro
1482 3775 1933 3846 concilianda
1995 3799 2166 3871 pace
2224 3800 2388 3845 cum
2452 3775 2633 3845 duce
2693 3778 3016 3865 Austriae‚

909 3895 963 3963 si
998 3907 1320 3989 possent,
1358 3892 1630 3961 secluso
1663 3888 2062 3987 pontifice2.
2104 3894 2207 3959 De
2260 3914 2432 3985 paco
2478 3891 2670 3960 enim
2724 3916 2889 3960 cum
2940 3916 3018 3959 co

989 4057 1045 4108 1.
1092 4054 1167 4108 Ce
1196 4050 1292 4126 qui
1322 4048 1431 4106 suit
1458 4050 1641 4105 forme
1671 4067 1748 4104 un
1779 4066 2044 4103 nouvcau
2073 4044 2328 4123 chapitrc
2356 4048 2500 4104 dans
2533 4046 2850 4103 MatthaeuS.

986 4148 1044 4202 2.
1090 4146 1246 4201 Cotto
1293 4142 1625 4201 ainbassade
1669 4144 1752 4197 sut
1793 4142 2048 4214 envoyiv
2106 4144 2138 4195 ξι
2193 4146 2412 4197 Anvcrs
2466 4160 2539 4197 au
2592 4140 2734 4197 mois
2779 4140 2849 4197 de
2895 4159 3008 4216 sep-

910 4238 1127 4297 tembre
1164 4242 1336 4299 1481.
