3400 5417
928 473 999 527 72
1468 472 1978 529 HISTORIARUM
2026 471 2377 529 LUDOVICI
2419 475 2503 529 XI

926 603 1182 675 trolabi
1231 618 1301 674 et
1342 589 1629 675 eadere.
1670 608 1834 690 Quo
1871 606 2024 701 ipsa
2064 629 2230 676 casu
2252 606 2583 677 ·contrita
2628 621 2697 677 et
2750 607 3058 701 graviter

924 743 1263 818 oppressa
1289 774 1307 809 ‚
1374 732 1588 814 atque
1639 719 1733 789 ad
1786 719 2086 790 domum
2146 742 2351 791 suam
2404 718 2661 791 debilis
2715 720 3013 792 reducta
3035 776 3054 805 ,

921 834 1105 905 infra
1130 858 1402 933 paucos
1429 833 1579 905 dies
1606 838 1826 931 post¹‚
1862 860 1946 904 ex
1969 836 2106 906 hac
2135 836 2537 907 transitoria
2567 835 2734 923 vita,
2770 837 3058 907 incertis

923 974 1202 1047 semper
1232 964 1303 1019 et
1340 949 1669 1045 periculis
1700 963 1771 1019 et
1807 948 2088 1020 casibus
2130 950 2344 1047 plena
2365 1006 2382 1039 ,
2421 951 2746 1044 migravit
2780 950 2872 1022 ad
2902 954 3057 1021 Do-

925 1067 1267 1136 minum².

1024 1187 1232 1269 Erat,
1288 1206 1419 1278 pro
1467 1195 1665 1252 aetate
1727 1197 1795 1252 et
1853 1206 2057 1251 sexus
2103 1180 2558 1269 conditione,
2613 1181 2936 1279 prudens
2991 1197 3060 1251 et

926 1304 1111 1373 bene
1144 1317 1418 1373 morata
1444 1359 1462 1392 ,
1498 1302 1638 1372 fide
1681 1326 1765 1371 ac
1810 1304 1928 1399 pia
1969 1301 2063 1372 ad
2108 1305 2338 1371 Deum
2378 1282 2802 1393 devotione}
2845 1303 3056 1372 simul

924 1434 993 1490 et
1049 1416 1488 1510 benignitate
1530 1432 1743 1509 atque
1798 1416 2410 1511 eleemosynarum
2446 1415 2820 1510 largitione
2855 1439 3057 1485 com-

924 1531 1283 1604 mendata.
1366 1529 1567 1600 Unde
1635 1532 1911 1600 eunctis
1988 1545 2333 1599 terrarum
2400 1554 2691 1599 suarum
2755 1528 3058 1599 subditis

927 1648 1143 1746 ipsius
1194 1663 1340 1717 tam
1380 1670 1693 1744 praeceps
1738 1662 1808 1716 et
1855 1647 2230 1717 immatura
2273 1671 2467 1716 mors
2501 1646 2740 1740 magni
2780 1645 3049 1735 lucum,

931 1793 1063 1838 nec
1101 1768 1337 1838 minus
1371 1767 1619 1837 illustri
1654 1767 1869 1836 etiam
1908 1766 2421 1857 Maximiliano,
2461 1767 2611 1860 ejus
2656 1766 3054 1861 conjugali,

930 1883 1053 1976 qui
1096 1884 1337 1971 eam³,
1381 1882 1484 1951 uti
1532 1905 1661 1977 par
1701 1896 1889 1966 erat,
1930 1881 2136 1950 unice
2176 1881 2540 1975 diligebat,
2580 1882 2814 1953 attulit
2854 1906 3059 1951 occa-

927 1999 1227 2068 sionem.
1272 2001 1547 2066 Horum
1583 2011 1820 2067 autem
1859 1998 2129 2067 luctus⁸
2174 2022 2322 2066 non
2371 2022 2626 2095 parum
2678 1996 3060 2069 deliniebat

927 2134 1140 2214 atque
1189 2118 1577 2209 solabatur,
1639 2118 1837 2215 quod
1885 2134 2247 2188 tantorum
2283 2118 2772 2190 dominiorum
2816 2134 2887 2189 et
2946 2120 3062 2188 in-

927 2236 1231 2329 signium
1296 2250 1639 2307 terrarum
1690 2234 2005 2305 haeredes
2059 2252 2221 2331 post
2269 2260 2341 2305 se
2399 2235 2778 2337 reJiquerat
2835 2260 3061 2304 unum

928 2352 1194 2442 filium,
1241 2354 1535 2422 nomine
1582 2352 2022 2449 Philippum,
2087 2367 2154 2421 et
2184 2377 2401 2422 unam
2458 2350 2714 2442 filiam,
2766 2353 3061 2421 nomine

929 2470 1389 2561 Margaretam
1413 2470 1456 2536 ⁵.
1500 2470 1675 2536 Nam
1713 2468 1845 2536 nisi
1887 2468 1982 2537 ita
2014 2468 2359 2555 venisset,
2396 2483 2466 2537 et
2510 2476 2781 2563 absque
2825 2468 3064 2539 liberis

908 2580 1082 2674 ‘ipsa
1131 2578 1323 2647 diem
1383 2576 1712 2661 obiisset,
1760 2579 1892 2649 illis
1937 2578 2338 2649 clarissimis
2398 2580 2599 2649 terris
2647 2581 2790 2649 suis
2847 2581 3062 2676 ipsius

930 2694 1233 2764 desectio
1267 2693 1737 2763 verisimiliter
1782 2708 2040 2763 statum
2087 2694 2438 2764 infelicem
2473 2709 2536 2763 et
2571 2693 2775 2765 valde
2814 2695 3063 2764 turbu-

928 2810 1201 2881 lentum
1251 2810 1694 2906 importasset
1741 2838 1756 2879 ε
1805 2810 2002 2903 quod
2035 2809 2613 2899 clementissime,
2655 2834 2782 2907 per
2818 2810 3061 2906 hujus-

931 2925 1213 2996 cemodi
1263 2925 1353 2994 de
1399 2926 1938 3022 ‹ea-superstites
1991 2926 2294 3015 liberos,
2360 2927 2600 2996 divina
2663 2926 3062 3021 benignitas

929 3056 1201 3110 avertit.

1012 3304 1067 3355 1.
1109 3298 1230 3355 Ello
1259 3319 1332 3355 nc
1364 3298 1473 3376 prit
1501 3300 1553 3355 lo
1581 3300 1640 3356 lit
1672 3300 1846 3376 qu'au
1875 3300 2017 3357 bont
2043 3301 2113 3356 (le
2143 3300 2277 3355 trois
2308 3300 2606 3369 semaineS,
2639 3300 2866 3355 suivant
2897 3300 3059 3356 Moli-

933 3406 1059 3459 ne13
1102 3393 1244 3449 mais
1281 3392 1333 3449 la
1373 3393 1699 3475 Chroniqne
1727 3394 2009 3451 flamande
2037 3394 2135 3449 des
2167 3392 2290 3449 faits
2320 3406 2373 3449 et
2410 3406 2593 3469 gestes
2620 3391 2967 3450 adinirables
2997 3393 3060 3448 de

931 3486 1285 3543 Maximilien
1317 3499 1402 3542 est
1429 3488 1726 3544 conforme
1759 3507 1831 3544 au
1861 3487 2001 3545 recit
2029 3488 2100 3544 de
2127 3487 2369 3543 Thomas
2400 3487 2590 3543 Basin.

1014 3584 1071 3637 2.
1118 3584 1191 3637 27
1226 3601 1374 3637 mars
1405 3584 1583 3642 1482.

1014 3678 1069 3731 3.
1116 3678 1309 3731 Etiam
1338 3676 1480 3732 dans
1513 3677 1564 3733 le
1598 3697 1703 3733 ms.

1014 3771 1068 3825 [ι.
1119 3768 1311 3825 Mieux
1343 3770 1606 3826 vaudrait
1640 3775 1843 3827 luctum
1864 3816 1877 3841 ‚
1913 3791 1986 3827 au
2016 3770 2308 3848 singulier.

1014 3867 1072 3917 35.
1118 3861 1379 3939 philippe
1420 3864 1473 3919 le
1519 3867 1668 3920 Beau
1706 3878 1760 3920 et
1796 3864 2138 3941 Mai-guerin!
2178 3862 2532 3920 ‹l'Autriche
2584 3865 2703 3919 Elle
2745 3863 2960 3920 laissait
2997 3863 3059 3918 de

933 3958 1059 4032 plus
1090 3976 1165 4012 un
1200 3956 1285 4011 ssis
1320 3958 1719 4027 nouveau-nc'e,
1753 3958 1955 4034 appele
1983 3958 2251 4034 Franqois
2273 4001 2287 4027 ,
2319 3957 2416 4032 qui
2446 3977 2518 4013 ne
2547 3958 2623 4013 lui
2654 3958 2928 4014 sui-vecut
2969 3976 3057 4033 pas

932 4050 1002 4106 de
1030 4048 1351 4127 beaucoup.

2647 5332 3298 5405 -dffl-„ffl-——r‘ff
