3400 5417
1158 498 1376 555 LIBER
1419 500 1723 557 SEXTUS.
2425 504 2490 557 61

367 642 498 697 est.
546 630 684 697 Nec
720 640 959 699 tamen
991 684 1009 717 ,
1050 630 1125 698 in
1161 627 1539 700 limitaneis
1569 630 1790 723 agriS‚
1830 654 1872 700 a
1909 631 2160 726 praedis
2197 648 2266 701 et
2298 632 2509 703 latro-

369 744 577 813 ciniis
607 757 714 813 est
750 759 1124 815 cessatum.
2415 730 2420 734 ⁴

1039 1024 1549 1092 CAPITULUM
1621 1025 1838 1091 xvtl.

370 1223 445 1272 De
460 1220 611 1291 gravi
631 1218 889 1274 seditione
908 1233 959 1272 et
980 1222 1207 1273 tumultu
1226 1236 1412 1275 exorto
1438 1223 1479 1275 F
1482 1222 1717 1274 lorentiae
1740 1223 1807 1274 ab
1829 1222 1914 1273 his
1943 1221 2009 1273 de
2034 1222 2229 1274 familia
2254 1222 2320 1275 de
2347 1224 2509 1277 Passis

608 1317 660 1356 et
686 1304 759 1356 eis
787 1303 1195 1372 adhaerentibuS,
1224 1306 1564 1377 ejusdemque
1586 1308 1840 1360 tumultus
1862 1306 2230 1377 pacificatione
2255 1308 2293 1358 ¹.

468 1496 569 1563 Ea
602 1508 1047 1591 tempestate,
1084 1498 1449 1591 superiore
1480 1520 1701 1587 anuo,
1735 1497 1861 1593 qui
1893 1495 1985 1567 ab
2016 1497 2508 1570 incarnatione

369 1608 630 1679 Christi
678 1626 826 1681 erat
864 1617 1375 1703 MCCCCLxxtx²,
1414 1613 1489 1681 in
1522 1612 1701 1682 urbe
1739 1613 1995 1708 insigni
2041 1614 2306 1683 Tusciae
2357 1615 2512 1684 Flo-

370 1726 595 1815 rentia
625 1781 643 1816 ,
701 1726 931 1819 gravis
984 1742 1054 1795 et
1108 1727 1509 1823 periculosa
1558 1728 1816 1798 oborta
1858 1743 1964 1798 est
2005 1728 2281 1799 seditio,
2333 1734 2508 1801 Nam

372 1839 667 1935 quidam
716 1842 979 1912 civium
1036 1843 1125 1913 de
1172 1842 1437 1914 familia
1484 1844 1600 1912 cui
1645 1859 1749 1914 est
1801 1860 2363 1938 cognomentum
2418 1846 2507 1916 de

376 1957 595 2026 Passis
613 1956 662 2045 ³,
702 1957 774 2026 in
812 1957 1065 2029 eadem
1104 1957 1282 2027 urbe
1334 1961 1501 2029 satis
1541 1958 1729 2029 clara
1770 1974 1840 2028 et
1889 1959 2228 2055 opulenta
2257 2014 2275 2048 ,
2331 1960 2507 2031 ferre

375 2099 514 2144 non
550 2074 871 2146 valentes
918 2101 1149 2171 neque
1203 2078 1420 2171 aequis
1472 2076 1728 2146 animis
1771 2076 2117 2172 inspicere
2168 2076 2507 2149 familiam

372 2189 657 2260 illorum
702 2190 791 2260 de
844 2191 1134 2261 Medicis
1160 2247 1177 2279 ‚
1228 2192 1428 2280 satis,
1482 2190 1752 2260 nedum
1795 2192 1865 2260 in
1919 2214 2002 2261 ea
2047 2190 2224 2260 urbe
2269 2206 2508 2263 totove

374 2303 541 2375 orbe
575 2304 965 2376 christiano
994 2363 1010 2396 ‚
1060 2306 1181 2376 sed
1218 2321 1288 2375 et
1322 2308 1391 2374 in
1441 2306 1794 2401 plerisque
1830 2305 2227 2376 infidelium
2277 2309 2508 2401 regnis

373 2442 451 2491 ac
518 2422 910 2518 provinciis
961 2421 1407 2515 diffamatam.
1466 2421 1561 2491 ob
1620 2422 1971 2515 insignem
2033 2436 2103 2491 et
2167 2448 2507 2492 nummu·-

375 2536 619 2608 lariam
682 2537 1211 2631 trajectitiarum.
1255 2562 1574 2608 mensam
1622 2553 1836 2633 atque
1882 2539 2500 2621 exercitationem,
2552 2595 2562 2606 .

374 2654 442 2721 in
478 2678 605 2725 sua
646 2653 1012 2750 republica
1054 2656 1342 2749 majoris
1384 2656 1630 2725 crediti
1677 2671 1746 2724 et*
1796 2658 2230 2726 auctoritatis
2278 2656 2507 2727 hono·

378 2768 561 2840 ribus
598 2772 870 2867 pollere
899 2825 917 2860 ,
958 2796 1175 2865 quam
1216 2773 1347 2868 ipsi
1389 2771 1735 2842 hacteuus
1767 2773 2202 2867 potuissent,
2243 2772 2395 2842 zelo
2439 2787 2506 2842 et

377 2886 636 2957 invidia
674 2888 1035 2977 succensi,
1096 2888 1498 2980 cogitarunt
1538 2910 1850 2981 quanam
1885 2887 2000 2956 via
2036 2886 2166 2982 ipsi
2213 2887 2370 2956 illos
2417 2888 2505 2955 de

380 3000 685 3093 Medicis,
714 3027 1023 3097 quorum
1054 3004 1387 3100 proecipui
1420 3017 1489 3072 et
1522 3003 1593 3073 in
1624 3027 1708 3072 ea
1731 3017 1902 3071 tunc
1934 3002 2112 3072 urbe
2135 3002 2507 3099 primiores

380 3134 569 3189 erant
621 3119 769 3189 duo
823 3121 1183 3215 germani,
1241 3122 1657 3190 Laurentius
1711 3118 1978 3188 scilicet
2024 3134 2092 3187 et
2133 3118 2452 3189 Julianus
2483 3176 2498 3207 ‚

384 3259 520 3306 non
555 3237 778 3308 modo
816 3238 1233 3307 auctoritate
1270 3252 1336 3306 et.
1368 3235 1770 3305 honoribus
1805 3234 2181 3304 detrudere
2206 3288 2225 3323 ,
2256 3259 2504 3305 verum

384 3354 583 3425 etiam
606 3410 624 3442 ‚
678 3379 766 3424 ne
807 3354 950 3423 suis
985 3353 1350 3424 obstarent
1384 3350 1760 3423 conatibus
1787 3405 1804 3438 ,
1845 3351 1987 3420 vita
2021 3350 2297 3445 privare
2341 3376 2504 3446 pos-

384 3485 552 3539 sent.
603 3470 704 3540 Ad
748 3468 944 3564 quod
990 3468 1502 3565 perficiendum
1560 3468 1895 3536 comitem
1951 3466 2500 3560 Hieronymum,

463 3679 519 3734 1.
548 3678 775 3731 Devant
802 3695 869 3732 ce
906 3676 1035 3731 titre
1070 3694 1145 3731 on
1178 3675 1236 3730 lit
1266 3694 1336 3731 en
1374 3694 1589 3750 margo,
1624 3674 1693 3728 de
1726 3673 1777 3729 la
1810 3675 1995 3729 meme
2026 3673 2176 3728 main
2210 3672 2346 3729 dont
2378 3686 2504 3729 sont

388 3766 577 3824 ecrites
604 3769 686 3825 les
717 3782 905 3825 autres
932 3768 1297 3826 annotations·
1334 3768 1411 3823 ‹lu
1445 3788 1551 3827 ms.
1585 3791 1595 3823 ε
1639 3792 1665 3816 α
1694 3767 1901 3822 Mirum
1931 3765 2069 3840 quid
2099 3764 2230 3821 huic
2259 3767 2505 3823 historiae

396 3890 415 3910 κ
448 3882 749 3923 commune
792 3867 860 3923 sit
902 3886 1033 3922 cnm
1074 3863 1245 3942 gestis
1287 3863 1561 3919 Ludovici
1605 3875 1659 3917 et
1699 3862 1924 3930 Caroli3
1969 3875 2020 3917 et
2074 3862 2303 3938 quidem
2349 3863 2502 3937 quod

398 3982 416 4003 α
451 3956 738 4036 Philippus
766 3960 1083 4017 Cominaeus
1112 3958 1223 4013 hoc
1250 3958 1376 4034 ipso
1406 3958 1531 4013 loco
1562 3956 1711 4013 hanc
1746 3955 1861 4011 suis
1892 3956 2172 4012 interserit
2205 3973 2505 4011 commen-

397 4077 418 4098 ιι
452 4052 621 4119 tariiS,
646 4054 806 4129 quasi
835 4052 906 4109 de
932 4053 1272 4129 composito.
1306 4078 1330 4101 υ

467 4147 519 4199 2.
565 4147 829 4223 Corrigez
858 4149 1037 4204 1478.

470 4239 518 4293 3.
568 4242 674 4295 Les
702 4241 877 4296 Pazzi.
