3400 5417
1196 562 1415 616 LIBER
1476 562 1779 617 SEXTUS.
2445 566 2558 619 107

420 690 647 787 ipsius
712 716 982 765 nomen
1042 691 1529 766 obedientiam
1597 708 1811 789 atque
1877 691 2096 764 fidem
2160 694 2512 789 jurassent
2537 748 2557 781 ,

420 829 861 904 magnopere
903 809 1143 880 conati
1195 823 1362 879 sunt
1405 810 1674 880 clerum
1732 808 2030 879 civitatis
2051 864 2071 901 ,
2125 823 2202 879 ut
2247 809 2565 882 similiter

416 922 641 993 etiam
692 921 986 1014 faceret,
1039 948 1234 995 nunc
1282 923 1579 997 blandis
1617 922 2072 995 sermonibus
2098 978 2115 1010 ,
2167 950 2363 998 nunc
2415 951 2565 1020 gra-

416 1037 727 1109 vissimis
758 1040 1443 1112 comminationibus
1475 1040 1842 1112 inducere.
1875 1040 2015 1111 Sed
2051 1065 2218 1111 cum
2242 1042 2373 1112 viri
2409 1067 2563 1137 gra-

416 1179 544 1226 ves
573 1179 657 1226 ac
689 1155 1001 1227 timorati
1039 1157 1358 1253 quinque
1383 1156 1840 1229 ecclesiarum
1861 1211 1880 1249 ‚
1912 1155 2136 1227 divini
2164 1171 2233 1228 et
2265 1156 2564 1230 humani

406 1268 598 1365 juris
632 1270 881 1367 periti,
924 1271 1026 1340 eis
1064 1270 1338 1365 liquido
1386 1270 1900 1359 ostendissent,
1943 1270 2153 1341 salvis
2192 1274 2562 1343 conscien-

416 1385 581 1476 tiis,
622 1399 915 1482 propter
958 1386 1227 1482 jurium
1281 1386 1843 1484 prohibitioneS,
1897 1387 2170 1481 magnis
2211 1399 2283 1458 et
2319 1386 2565 1457 sormi-

417 1501 787 1573 dabilibus
822 1504 1053 1600 poenis
1102 1504 1440 1594 sancitas,
1481 1528 1553 1574 se
1603 1502 1676 1573 id
1717 1503 2010 1574 minime
2049 1501 2276 1573 facere
2317 1527 2559 1599 posse,

416 1617 719 1688 tandem
744 1672 761 1705 ‚
804 1617 1131 1711 quamvis
1183 1642 1225 1688 a
1259 1616 1946 1691 comminationibus
1980 1642 2129 1690 non
2163 1630 2516 1689 cessantes
2541 1675 2558 1708 ,

418 1733 875 1829 aliquantum
909 1734 1269 1829 quierunt.

522 1854 914 1921 Tentarunt
963 1864 1033 1921 et
1093 1850 1312 1921 iidem
1374 1850 1506 1947 ipsi
1558 1865 1853 1947 perante
1900 1850 1993 1922 ab
2048 1850 2306 1922 eodem
2374 1853 2564 1927 clero

418 1979 884 2061 extorquere,
920 1967 1101 2037 utin
1131 1964 1567 2063 quibusdam
1598 1967 1800 2037 vanis
1835 1979 1903 2036 et
1935 1967 2198 2038 frivolis
2233 1968 2568 2038 crimina-

422 2082 711 2151 tionum
752 2080 1113 2177 capituliS‚
1154 2104 1333 2175 quas
1368 2078 1707 2151 adversus
1757 2104 1964 2151 suum
2013 2081 2430 2177 pontificem
2475 2083 2564 2151 ad

419 2199 578 2292 ejus
611 2198 1138 2296 depositionem
1183 2223 1255 2269 se
1299 2200 1633 2296 prosequi
1674 2197 2132 2293 jactitabant,
2174 2200 2276 2270 eis
2311 2199 2569 2270 vellent

419 2312 831 2405 adhaerere3
884 2314 1364 2409 eumdemque
1422 2314 1737 2406 clerum,
1776 2315 1842 2383 vi
1901 2328 1971 2385 et
2018 2328 2216 2385 metu
2268 2339 2414 2383 non
2457 2316 2564 2385 in·

413 2429 614 2524 justo
667 2443 791 2499 aut
849 2454 1038 2502 vano
1088 2429 1425 2501 adhibitis
1455 2434 1509 2520 ¹,
1557 2429 1648 2501 ad
1692 2429 2085 2525 quamdam
2142 2430 2568 2503 adhaesionis

424 2544 851 2638 formulam,
895 2572 1042 2617 non
1080 2560 1318 2618 tamen
1354 2547 1583 2644 qualis
1626 2546 1720 2618 ab
1765 2548 1866 2618 eis
1899 2546 2403 2645 expetebatur,
2443 2548 2562 2619 sed

422 2660 641 2755 longe
672 2660 1101 2753 civiliorem,
1142 2662 1559 2757 adegerunt.
1589 2667 1871 2734 §Verum
1905 2688 2108 2749 cum,
2146 2688 2274 2759 per
2325 2665 2566 2735 omnia

423 2790 820 2848 scrutantes
851 2778 1256 2873 iniquitates
1290 2780 1363 2849 in
1398 2804 1529 2849 suo
1559 2778 1934 2875 pontifice,
1985 2778 2303 2850 viderent
2339 2805 2412 2849 se
2441 2780 2564 2851 de-

425 2890 640 2963 ficere
674 2894 1050 2982 scrutini0‚
1083 2907 1154 2964 et
1180 2919 1329 2964 sese
1360 2894 1662 2965 irrisioni
1690 2896 1930 2992 potius
1967 2894 2267 2966 ubilibet
2294 2910 2560 2991 patere,

426 3010 608 3081 nihil
642 3010 733 3081 de
766 3011 1132 3106 conceptis
1172 3011 1816 3103 criminationibus,
1858 3013 1968 3081 vel
2007 3011 2243 3082 verbis
2294 3013 2567 3083 confer-

424 3128 549 3217 tis,
592 3129 936 3199 intentare
974 3128 1084 3197 vel
1137 3130 1470 3224 prosequi
1526 3131 1674 3199 ausi
1733 3130 1948 3200 suere.
1995 3129 2340 3199 Viderunt
2376 3133 2563 3200 enim

426 3244 601 3313 tales
655 3246 1172 3314 concinnantes
1218 3244 1424 3315 dolos
1482 3271 1594 3335 se,
1655 3245 1914 3316 talibus
1972 3247 2254 3316 innixos
2303 3246 2568 3317 dolosis

425 3360 851 3430 commentis
886 3360 1238 3454 variisque
1270 3360 1661 3455 figmentis,
1708 3363 1943 3432 omnis
1977 3360 2184 3430 solidi
2231 3386 2314 3430 ac
2352 3362 2562 3432 validi

429 3474 877 3546 fundamenti
941 3474 1272 3545 firmitate
1324 3474 1649 3566 destitui,
1710 3502 1843 3547 nec
1897 3476 2066 3546 inde
2111 3476 2303 3546 aliud
2360 3502 2567 3572 posse

432 3591 567 3661 nisi
618 3590 902 3662 labores
959 3605 1028 3661 et
1090 3616 1436 3687 expensas
1494 3593 1777 3664 inutiles
1826 3607 2039 3689 atque
2098 3592 2566 3686 ignominiam

432 3724 817 3805 reportare.
860 3713 1159 3806 Propter
1186 3711 1384 3804 quod
1416 3709 1508 3781 ab
1543 3711 1736 3782 hisce
1775 3712 1917 3780 suis
1952 3710 2220 3780 frivolis
2263 3710 2568 3779 molitio-

434 3825 643 3896 nibus
675 3826 1167 3897 abstentarunt
1188 3883 1206 3916 ‚
1247 3827 1339 3898 ad
1370 3843 1652 3924 tempus
1687 3826 2025 3923 quidem3
2071 3841 2315 3922 postea
2343 3828 2559 3914 enim,

435 3943 846 4039 interposita
876 3967 1002 4038 per
1025 3966 1147 4013 eos
1172 3942 1485 4038 quadam
1510 3942 1988 4040 appellatione
2009 3998 2024 4029 ‚
2057 3942 2147 4013 de
2173 3968 2315 4036 qua
2351 3944 2563 4038 paulo

433 4072 593 4151 post
625 4058 933 4127 locuturi
986 4083 1267 4147 snmus,
1314 4083 1597 4129 causam
1656 4084 1797 4129 suae
1854 4059 2348 4155 appellationis
2383 4059 2561 4128 duo-

518 4213 571 4265 1.
620 4216 715 4266 Sic·
744 4230 849 4265 ms.
888 4224 941 4266 et
970 4211 1169 4267 Matth.
1203 4212 1247 4266 Il
1280 4212 1394 4267 faut
1426 4213 1693 4288 suppleer
1731 4213 1979 4287 quelque
2009 4212 2179 4268 chose
2220 4213 2385 4286 apres
2415 4230 2520 4265 non
2549 4257 2560 4269 .

436 4323 655 4360 comme
677 4325 884 4377 [tarum
916 4324 989 4361 ou
1019 4308 1315 4361 modicum.
