3400 5417
892 472 1009 530 38⁰
1753 474 2168 547 Ammon,

990 606 1215 680 Aliam
1240 609 1533 707 insuper
1552 607 2152 681 consuetudinem
2185 608 2598 705 observant,
2635 612 2835 710 quod
2867 631 3031 712 post

885 725 1084 797 litem
1120 738 1619 818 contestatam,
1674 725 1734 796 si
1782 750 1998 823 super
2037 749 2504 823 quocumque
2540 726 2882 799 incidenti
2917 733 3030 803 vel

884 843 1317 938 emergenti,
1368 843 1642 915 etiamsi
1688 842 1864 913 nihil
1918 841 2012 914 ad
2063 843 2480 941 principalis
2531 845 2798 939 negotii
2845 845 3032 918 deci·

882 960 1167 1030 sionem
1194 958 1632 1055 praejudicet,
1664 959 2124 1030 interlocutio
2153 958 2418 1054 judicis
2443 976 2842 1058 expetatur,
2879 963 3031 1033 vic-

882 1088 999 1145 tus
1040 1099 1254 1172 super
1306 1074 1429 1145 tali
1474 1075 1874 1145 accessorio
1920 1073 2183 1171 perdit,
2233 1076 2698 1172 quantumvis
2739 1076 3031 1148 evidens

875 1192 993 1289 jus
1020 1192 1093 1261 in
1131 1190 1511 1289 principali
1538 1190 1900 1283 habuerit,
1938 1215 2228 1263 causam
2263 1215 2493 1264 suam.
2537 1194 2636 1261 Ex
2673 1216 2824 1289 quo
2849 1218 3032 1290 saepe

881 1309 1233 1402 contingit
1250 1323 1353 1399 ut,
1388 1310 1738 1404 quoniam
1764 1309 2007 1405 patriae
2028 1308 2481 1381 consuetudo
2515 1333 2668 1379 non
2693 1312 3034 1407 permittit

879 1425 1167 1495 testium
1194 1423 1663 1521 probationes
1685 1424 1966 1495 admitti
1992 1425 2067 1494 in
2096 1448 2245 1495 una
2269 1448 2508 1515 causa,
2535 1426 2672 1494 nisi
2695 1424 2790 1495 ab
2815 1426 3034 1499 altera

882 1556 1083 1638 parte
1116 1556 1395 1612 tantum
1414 1596 1431 1631 ,
1479 1540 1756 1611 etiamsi
1802 1555 2104 1639 utraque
2139 1563 2306 1638 pars
2336 1540 2588 1636 alleget
2622 1540 2810 1613 sacta
2841 1544 3034 1639 posi-

878 1660 1023 1731 tiva
1050 1673 1121 1729 et
1155 1658 1579 1729 affirmativa
1612 1657 2002 1749 contraria,
2041 1672 2112 1729 et
2143 1681 2231 1728 ea
2261 1681 2336 1728 se
2363 1671 2561 1755 petat
2596 1657 2689 1728 ad
2720 1656 3034 1755 proban-

880 1775 1055 1845 dum
1111 1773 1431 1865 admitti,
1495 1788 1566 1845 et
1618 1771 1872 1844 offerat
1919 1797 2048 1871 per
2103 1770 2408 1845 idoneos
2455 1787 2668 1844 testes
2727 1771 3035 1869 legitime

877 1891 1377 1989 probaturam,
1409 1915 1579 1960 cum
1612 1890 2136 1987 unusquisque,
2169 1889 2260 1960 de
2287 1890 2432 1960 suis
2461 1886 2842 1961 confidens
2873 1913 3036 1987 pro-

876 2006 1319 2097 bationibuS,
1358 2004 1753 2077 contendat
1789 2006 2028 2103 potius
2060 2003 2243 2075 facta
2268 2026 2314 2075 a
2347 2028 2422 2076 se
2456 2002 2786 2099 allegata,
2817 2030 3034 2101 quam

879 2126 1289 2215 adversarii,
1330 2122 1597 2194 debere
1626 2122 1847 2219 recipi
1883 2120 1976 2192 ad
2010 2118 2502 2219 probandum,
2538 2135 2612 2192 et
2651 2146 2867 2218 super
2897 2121 3032 2193 hac

878 2243 1366 2328 contentione,
1418 2240 1560 2309 utri
1610 2238 1848 2334 potius
1899 2237 2336 2332 litigatorum
2368 2234 2705 2333 probatio
2751 2237 3028 2332 adjudi-

878 2359 1024 2429 cari
1061 2372 1131 2429 et
1168 2355 1456 2427 decerni
1493 2352 1779 2441 debeat,
1821 2352 2206 2448 interloqui
2234 2376 2362 2449 per
2385 2350 2708 2447 judicem
2737 2353 3024 2449 petitur,

879 2474 994 2544 ille
1049 2498 1181 2569 pro
1232 2497 1379 2567 quo
1436 2468 1891 2540 interlocutio
1941 2468 2162 2538 fertur
2220 2466 2420 2563 quod
2473 2468 2715 2564 potius
2753 2466 3030 2537 admitti

880 2588 1139 2659 debeat
1191 2589 1283 2660 ad
1335 2586 1796 2685 probandum
1856 2583 2041 2656 facta
2099 2608 2268 2676 sua,
2328 2608 2457 2680 per
2515 2583 2661 2654 hoc
2712 2583 3032 2656 obtineat

880 2706 1254 2776 victoriam
1291 2705 1362 2773 in
1402 2702 1808 2800 principali,
1847 2702 2062 2771 etiam
2098 2696 2278 2769 nihil
2311 2699 2400 2770 de
2434 2698 2638 2770 sactis
2673 2724 2716 2771 a
2753 2725 2830 2770 se
2867 2700 3024 2772 alle-

884 2822 1094 2915 gatiS,
1138 2835 1206 2889 et
1253 2820 1490 2889 forsan
1544 2818 1791 2887 dolose
1835 2830 1904 2886 et
1950 2815 2299 2885 malitiose
2338 2813 2569 2910 (quod
2627 2815 2794 2886 satis
2851 2840 3028 2912 saepe

885 2936 1037 3006 fieri
1078 2935 1362 3029 assolet)
1417 2932 1742 3003 confictis
1788 2947 1858 3002 et
1891 2930 2322 3022 adinventiS,
2370 2931 2666 3003 ulterius
2695 2928 3032 3029 probatu·

885 3078 1029 3123 rus.
1086 3052 1337 3143 Quod,
1380 3051 1634 3148 procul
1673 3048 1929 3136 dubio,
1966 3047 2172 3118 valde
2206 3048 2534 3144 iniquum
2569 3062 2642 3117 et
2674 3049 3030 3144 pernicio·

883 3195 1043 3238 sum
1078 3183 1206 3259 est,
1251 3166 1575 3263 pra‘bens
1608 3190 1862 3236 ausum
1900 3179 1967 3233 et
2003 3164 2134 3234 iter
2168 3164 2496 3261 aperiens
2524 3163 2793 3235 dolosis
2819 3178 2890 3233 et
2917 3188 3028 3233 ca-

884 3285 1256 3354 lumniosis
1288 3283 1651 3354 advocatis
1686 3278 2196 3351 adinveniendi
2223 3295 2292 3349 et
2325 3278 2791 3374 confingendi
2821 3280 3024 3369 lacta,

886 3431 1044 3501 quae
1092 3405 1395 3497 allegent
1454 3403 1544 3475 ad
1593 3401 2096 3499 perimendum
2137 3402 2319 3474 sacta
2356 3426 2654 3472 suorum
2701 3400 3027 3471 adversa·

888 3522 1155 3590 riorum
1210 3535 1276 3590 et
1330 3519 1729 3589 tollendum
1787 3519 1887 3587 cis
1951 3532 2162 3613 atque
2221 3517 2692 3589 auferendum
2747 3518 3028 3613 copiam

889 3636 1334 3735 probationis
1379 3660 1519 3705 suae
1558 3637 1759 3731 justae
1795 3635 2208 3704 intentionis
2251 3650 2320 3705 et
2359 3634 2710 3707 sactorum
2744 3636 3029 3705 veritate

893 3754 1257 3841 fultorum,
1318 3751 1407 3823 ad
1456 3778 1611 3848 quae
1666 3751 2048 3849 probanda
2095 3752 2389 3821 minime
2442 3777 2570 3849 per
2615 3749 3026 3845 hujusmodi

890 3871 1329 3941 calumniosa
1364 3887 1772 3941 commenta
1811 3870 2306 3941 admittuntur.
