3400 5417
1063 495 1284 550 LIBER
1325 493 1625 552 PRIMUS.
2290 498 2411 556 293

257 640 339 697 et
367 623 853 697 laborantium
893 622 1212 696 febribus
1267 625 1477 695 simul
1539 651 1688 697 uno
1744 641 2068 724 tempore
2113 628 2414 700 inveniri

271 740 685 839 Pei-piniani
758 740 1194 837 potuissent,
1261 765 1300 810 e
1367 738 1630 836 quibus
1716 767 1929 839 supra
1991 743 2417 839 quingentos

261 856 569 930 morbus
598 858 952 930 exstinxit.
1001 861 1144 928 Nos
1177 857 1432 951 etiam,
1467 858 1958 953 licet„divina
2009 883 2142 930 nos
2176 876 2417 958 prote-

261 988 478 1070 gente
517 973 895 1047 clementia
923 1029 942 1067 ,
993 972 1089 1044 ad
1134 970 1418 1044 febriles
1464 999 1690 1070 usque
1732 974 2031 1045 minime
2072 998 2419 1072 pervene-

259 1091 493 1161 rimus
523 1104 728 1162 aestus
750 1145 770 1181 ,
808 1113 991 1186 saepe
1025 1103 1266 1160 tamen
1301 1089 1400 1160 ob
1429 1089 1959 1162 vehementiam
1994 1106 2066 1161 et
2098 1116 2418 1188 perseve-

261 1207 573 1278 rantiam
599 1205 924 1277 calorum
941 1205 1217 1276 alterati
1247 1219 1319 1276 et
1343 1204 1735 1300 disgratiati
1753 1205 2043 1295 fuimus,
2073 1209 2421 1305 patientes

261 1321 674 1418 frequenter
723 1345 1062 1415 magnam
1115 1321 1593 1393 defectionem
1648 1323 2002 1394 stomachi
2035 1340 2105 1394 et
2135 1325 2415 1398 virtutis

259 1438 658 1533 digestivae,
715 1452 967 1508 contra
1019 1461 1238 1533 quarn
1281 1437 1721 1535 quotidianis
1778 1462 1980 1535 paene
2031 1439 2421 1510 medicina-

261 1552 456 1624 libus
523 1552 866 1625 antidotis
945 1553 1158 1626 nobis
1217 1579 1540 1651 pugnare
1604 1555 1984 1625 necessitas
2048 1568 2221 1626 erat.
2308 1561 2415 1626 De

263 1670 527 1742 nostris
572 1694 744 1740 vero
802 1668 1272 1741 familiaribus
1310 1671 1549 1741 nullus
1597 1670 1819 1742 ferme
1864 1669 1998 1741 suit
2044 1688 2415 1770 exemptus

261 1787 442 1883 quin
479 1800 603 1857 aut
638 1785 993 1875 febribus,
1033 1802 1157 1858 aut
1200 1788 1341 1858 alio
1385 1789 1581 1881 gravi
1630 1786 1892 1859 morbo
1926 1787 2309 1861 laboraret.

954 2084 1470 2153 CAPITULUM
1523 2086 1707 2152 Xlll.

582 2274 663 2322 De
685 2271 893 2324 licentia
915 2269 1178 2324 redeundi
1203 2289 1235 2323 a
1259 2289 1382 2342 rege
1403 2270 1568 2341 petita
1593 2282 1646 2322 et
1667 2271 1737 2322 ab
1761 2289 1825 2322 eo
1855 2271 2087 2324 obtenta.

363 2436 583 2529 Igitur
606 2459 772 2504 cum
793 2449 939 2505 tam
967 2434 1450 2530 periculosum
1482 2432 1625 2502 illic
1653 2434 1932 2502 aestivos
1952 2434 2264 2530 perferre
2291 2459 2411 2509 ca-

263 2553 453 2622 lores
490 2552 758 2648 experti
792 2548 1192 2636 fuissemus»,
1219 2549 1642 2646 priusquam
1667 2573 1954 2619 necesse
1979 2548 2411 2624 haberemus

263 2671 656 2742 secundam
704 2671 846 2742 illic
889 2671 1204 2768 opperiri
1239 2685 1310 2740 et
1341 2683 1749 2766 exspectare
1794 2684 2106 2741 aestatem
2131 2726 2149 2760 ,
2214 2697 2414 2744 cura-

263 2790 497 2858 vimus
548 2803 619 2858 et
667 2790 834 2859 totis
879 2787 1149 2858 viribus
1196 2788 1427 2858 annisi
1476 2788 1740 2858 fuimus
1784 2790 2081 2882 gratiam
2113 2790 2325 2860 talem
2370 2817 2413 2862 a

261 2929 429 2998 rege
473 2906 894 3002 impetrare,
944 2918 1021 2973 ut
1054 2903 1457 2974 revertendi
1494 2905 1568 2974 in
1607 2906 1983 2976 Franciam
2041 2905 2254 2976 nobis
2310 2907 2409 2978 fa·

265 3021 492 3091 cultas
542 3022 1091 3117 permitteretur.
1155 3021 1241 3088 Et
1291 3045 1425 3117 pro
1475 3043 1559 3089 ea
1606 3020 1901 3115 quidem
1956 3022 2182 3114 gratia
2237 3047 2419 3092 asse·

266 3138 554 3234 quenda
581 3194 598 3226 ,
638 3138 876 3234 plures
905 3137 1428 3233 deprecatorias
1475 3136 1808 3232 epistolas
1842 3137 1974 3206 sibi
2015 3163 2181 3208 cum
2214 3142 2411 3210 omni

269 3253 668 3324 humilitate
704 3253 1149 3350 scripsimus,
1184 3251 1445 3347 quibus
1478 3252 1896 3345 hujusmodi
1934 3277 1974 3320 a
2009 3279 2082 3322 se
2118 3255 2413 3346 gratiam

271 3372 478 3443 nobis
530 3372 785 3443 donari
840 3370 1296 3469 petebamus,
1338 3371 1428 3441 dc
1459 3371 1805 3468 pensione
1833 3429 1850 3462 ,
1910 3372 2017 3441 vel
2072 3396 2204 3468 pro
2241 3398 2415 3471 prae·

272 3490 476 3561 terito
508 3489 660 3584 jam
698 3504 1022 3585 tempore
1062 3514 1209 3583 quo
1247 3487 1382 3559 sibi
1413 3488 1556 3559 illic
1586 3490 2053 3559 servieramus
2077 3546 2095 3581 ,
2146 3490 2255 3559 vel
2284 3517 2415 3586 pro

269 3607 507 3675 futuro
548 3661 567 3696 ,
635 3605 906 3676 nullam
971 3630 1264 3702 prorsus
1350 3605 1686 3674 facientes
1763 3606 2231 3675 mentionem.
2310 3610 2415 3676 De

270 3721 524 3792 eadem
576 3745 654 3788 re
718 3721 935 3791 etiam
992 3721 1255 3816 pariter
1308 3721 1570 3817 pluries
1626 3722 2036 3818 scripsimus
2084 3721 2175 3791 ad
2221 3745 2417 3790 reve-

270 3837 576 3908 rendum
627 3838 701 3906 in
743 3837 1026 3907 Christo
1069 3852 1344 3933 patrem
1390 3837 1772 3907 dominum
1822 3839 2240 3935 episcopum
2285 3838 2414 3907 Ab·

271 3955 670 4024 rincensem
700 3957 756 4044 ¹3
804 3953 1003 4048 cujus
1041 3953 1467 4024 interventio
1501 3955 1694 4052 apud
1732 3980 1968 4050 regem
1993 4012 2011 4046 ,
2052 3958 2252 4050 cnjus
2290 3980 2413 4026 au·

355 4163 409 4218 1.
457 4165 600 4217 Jean
643 4160 900 4217 Bochard
926 4204 940 4228 ‚
979 4180 1092 4235 que
1133 4161 1378 4218 l'auteur
1410 4160 1634 4238 appelle
1673 4164 1948 4218 Bam-ard
1974 4162 2115 4218 dans
2152 4181 2253 4217 son
2284 4161 2415 4217 His-

270 4253 412 4308 toire
440 4253 519 4308 du
547 4253 727 4328 regne
758 4252 829 4307 de
862 4253 1036 4308 Louis
1066 4255 1170 4319 XI,
1204 4266 1243 4309 t.
1278 4257 1354 4316 11,
1384 4273 1441 4328 p.
1477 4257 1576 4310 35.
