3400 5417
1202 519 1424 576 LIBER
1462 519 1762 576 PRIMUS.
2442 521 2559 576 315

413 649 806 724 haberetur
843 675 979 721 nos
1011 648 1256 722 adhuc
1297 651 1372 722 in
1409 650 1750 721 humanis
1784 651 2194 747 superstites
2228 671 2555 742 manere,

415 765 757 838 omnibus
809 766 975 837 viris
1011 764 1225 837 bonis
1273 779 1345 838 et
1379 765 1554 837 odio
1599 780 1767 837 sunt
1802 765 2065 860 habiti,
2114 781 2186 839 et
2224 766 2419 839 velut
2453 767 2561 837 in·

412 889 569 959 sani
601 901 675 958 et
705 885 876 959 fatui
923 884 1237 956 ludibrio
1276 899 1687 982 patuerunt.
2150 975 2157 982 .

511 1005 699 1074 Sane
718 1026 886 1073 cum
910 1000 1106 1100 apud
1125 1001 1470 1072 Basileam
1489 993 1801 1100 spatium
1819 1000 2177 1072 mensium
2197 1025 2319 1072 sex
2342 1015 2564 1075 trans-

413 1120 798 1214 egissemus
823 1173 842 1208 ,
906 1132 978 1188 et
1033 1117 1450 1213 pervulgata
1505 1116 1775 1214 ubique
1830 1117 2021 1189 sama
2066 1117 2324 1189 factam
2377 1119 2565 1191 inter

415 1257 657 1330 regem
695 1250 764 1305 et
815 1233 1406 1329 Burgundionum
1443 1233 1703 1305 ducem
1756 1233 1950 1333 apud
1990 1238 2377 1306 Peronam¹
2434 1261 2562 1335 pa-

413 1375 576 1422 cem
607 1351 939 1421 omnium
969 1373 1097 1421 ora
1129 1350 1562 1448 compleret,
1609 1364 1977 1447 sperantes
2014 1349 2233 1446 ipsius
2258 1351 2560 1424 obtentu

417 1466 678 1536 nostris
706 1465 914 1536 malis
941 1465 1341 1536 remedium
1374 1465 1670 1537 allatum
1705 1490 1854 1536 esse
1879 1464 2179 1558 debere,
2210 1467 2304 1538 ad
2329 1483 2563 1565 partes

417 1581 810 1654 Brabantiae
842 1596 916 1651 et
948 1581 1497 1652 illustrissimum
1529 1583 1930 1679 principem
1969 1583 2561 1678 Burgundionum

416 1697 716 1789 ducem,
771 1698 1018 1769 relicta
1074 1698 1382 1788 Basilea,
1447 1723 1582 1769 nos
1640 1699 2077 1770 contulimus
2094 1704 2138 1792 ²,
2201 1715 2565 1797 sperantes

416 1815 568 1911 ejus
618 1817 1024 1914 patrocinio
1085 1815 1280 1913 apud
1332 1839 1573 1908 regem
1621 1817 2223 1887 reconciliationis
2266 1818 2563 1912 gratiam

417 1957 626 2030 posse
658 1933 1008 2023 invenire,
1054 1932 1147 2003 ad
1172 1957 1390 2026 quem
1422 1947 1695 2003 tantam
1727 1932 2301 2003 benevolentiam
2330 1934 2565 2005 verbis

423 2051 762 2146 factisque
797 2065 972 2121 tunc
1010 2075 1130 2118 rex
1165 2048 1433 2120 habere
1485 2074 1559 2119 se
1601 2048 2007 2141 indicabat,
2053 2065 2132 2120 ut
2191 2075 2563 2148 nunquam

418 2169 606 2238 inter
645 2167 828 2239 duos
880 2168 1160 2264 aliquos
1214 2169 1574 2265 principes
1618 2169 1926 2263 majores
1973 2169 2298 2239 amicitiae
2342 2193 2565 2240 nexus

419 2283 630 2356 fuisse
667 2298 1113 2382 putarentur,
1156 2282 1477 2376 nihilque
1511 2284 1816 2353 omnino
1855 2283 1945 2352 de
1980 2283 2126 2374 his,
2163 2308 2318 2380 quae
2348 2284 2440 2355 ab
2474 2310 2563 2356 eo

417 2401 613 2473 idem
679 2401 826 2471 dux
888 2411 1254 2497 posceret,
1312 2399 1447 2470 sibi
1513 2399 1738 2470 abnui
1789 2425 1996 2497 posse
2054 2400 2439 2495 jactaretur
2487 2402 2560 2471 in

415 2518 694 2612 vulgus.
738 2517 964 2613 Ipsius
999 2517 1239 2610 itaque
1293 2516 1739 2587 illustrissimi
1787 2516 1989 2586 ducis
2025 2516 2408 2613 implorato
2443 2542 2565 2588 au-

417 2635 585 2705 xilio
617 2633 809 2730 apud
833 2631 1291 2725 Gandavum,
1323 2631 1610 2703 fortuna
1644 2657 1865 2727 quam
1891 2634 2393 2704 inveneramus
2430 2634 2558 2704 sibi

416 2751 772 2848 exposita,
811 2765 881 2819 et
918 2773 962 2822 a
987 2775 1061 2820 se
1093 2749 1603 2843 benignissime
1633 2750 1904 2840 audita,
1948 2775 2075 2821 sua
2112 2750 2559 2823 humanitate

420 2867 864 2964 permaxima
911 2867 1287 2962 epistolaS,
1338 2866 1646 2936 humiles
1691 2893 1826 2964 pro
1864 2867 2072 2938 nobis
2114 2869 2565 2938 continentes

419 3007 667 3079 preces
691 3039 708 3072 ,
749 2983 897 3079 ipse
933 2981 1024 3053 ad
1057 3006 1294 3078 regem
1335 3007 1462 3078 per
1501 3007 1727 3051 unum
1754 2983 2209 3054 secretarium
2246 2984 2464 3054 semel
2498 2999 2562 3053 et

418 3099 641 3168 altera
678 3099 832 3167 vice
866 3096 1265 3167 destinavit.

524 3212 804 3299 Quibus
847 3238 1011 3282 cum
1054 3238 1201 3282 non
1246 3212 1468 3282 modo
1516 3212 1692 3282 nihil
1742 3215 2101 3285 emollitus
2156 3231 2277 3285 aut
2323 3218 2565 3313 propi-

423 3328 564 3397 tius
594 3329 844 3421 magiS,
901 3328 1026 3398 sed
1068 3329 1307 3425 potius
1345 3330 1650 3426 amplius
1701 3330 2164 3400 exacerbatus
2199 3346 2268 3399 et
2318 3331 2568 3402 durior

425 3459 638 3539 atque
671 3445 924 3513 saevior
953 3444 1393 3534 redderetur,
1431 3470 1562 3515 nec
1591 3446 1826 3516 laxare
1855 3471 2363 3540 germanorum
2397 3473 2565 3517 nos-

423 3575 703 3629 trorum
751 3561 1276 3652 detentionem,
1339 3563 1581 3632 arresti
1642 3577 1712 3632 et
1754 3564 2294 3660 proscriptionis
2330 3564 2567 3634 adhuc

427 3677 907 3746 incommodis
937 3678 1398 3764 affectorum,
1444 3679 1795 3749 ullatenus
1832 3681 2068 3772 vellet,
2118 3683 2317 3751 veriti
2354 3707 2469 3771 ne,
2512 3683 2565 3750 si

429 3795 983 3891 importuniores
1021 3820 1368 3885 essemus,
1407 3797 1676 3866 eisdem
1715 3801 2067 3890 germanis
2099 3801 2355 3869 nostris
2383 3799 2563 3868 ulte-

431 3913 575 3981 rior
614 3912 1113 4007 importunitas
1147 3912 1439 3982 exitium
1490 3914 1941 4009 importaret,
1996 3918 2298 4008 ingenti,
2338 3939 2565 4010 quan-

513 4181 571 4235 i.
620 4181 694 4234 14
724 4177 961 4234 octobre
991 4182 1170 4236 1468.
1205 4183 1395 4256 Voyez
1425 4191 1466 4237 t.
1502 4183 1580 4255 11,
1613 4202 1670 4258 p.
1710 4182 1849 4239 189.

512 4280 572 4334 2.
617 4281 708 4333 Au
735 4291 1228 4336 commencement
1254 4279 1326 4336 de
1357 4279 1583 4335 l'anm'·e
1617 4281 1797 4338 1469.
