3400 5417
851 528 965 585 348
1699 521 2106 591 APOLOGIA,

848 660 1319 730 innocentum
1358 632 1900 754 oppressoribus
1919 710 1938 746 ,
1980 651 2276 749 quibuS,
2313 650 2501 750 proh
2551 651 2797 725 dolor!
2833 678 2962 726 no-

848 776 992 848 bile
1021 774 1393 871 quondam
1420 797 1724 867 regnum
1757 769 1934 841 illud
1968 770 2274 841 nimium
2304 767 2662 861 abundat,
2705 768 2798 841 ad
2827 794 2966 867 poe-

850 918 978 965 nas
1038 889 1391 982 trahatur,
1451 904 1800 983 tanquam
1856 886 1980 982 qui
2031 908 2294 983 corpus
2348 899 2423 956 et
2479 884 2680 957 bona
2732 888 2969 959 omnia

849 1006 1326 1080 confiscasset.

945 1127 1121 1210 Quae
1177 1146 1345 1192 cum
1390 1120 1489 1191 ita
1540 1117 1734 1217 apud
1789 1116 2309 1212 Rothomagum
2347 1114 2660 1188 factitata
2697 1132 2926 1189 essent
2945 1173 2965 1208 ,

848 1263 888 1310 a
943 1236 1346 1331 talibusque
1397 1230 2036 1305 calumniatoribus
2084 1245 2155 1302 et
2211 1229 2752 1327 oppressoribus
2815 1257 2974 1303 cum

851 1354 1050 1424 omni
1096 1352 1460 1447 diligentia
1502 1362 2061 1447 perscrutaretur
2114 1348 2172 1418 si
2221 1348 2400 1419 alios
2445 1346 2764 1419 invenire
2805 1373 2976 1445 pos—

849 1485 1038 1557 sent,
1078 1469 1150 1538 in
1198 1491 1381 1562 quos
1412 1466 1676 1537 similes
1727 1464 2101 1535 violentias
2113 1518 2146 1551 r
2188 1461 2398 1533 dolos
2443 1477 2656 1559 atque
2697 1465 2977 1561 rapinas

850 1598 1298 1672 exercerent,
1344 1580 1632 1652 tandem
1678 1579 1772 1650 ad
1806 1578 2036 1649 dictos
2073 1593 2213 1649 tres
2248 1593 2529 1649 nostros
2561 1601 2974 1674 germanos,

849 1722 1033 1795 quos
1061 1698 1290 1795 patria
1324 1697 1567 1793 pulsos
1607 1696 2054 1791 parisiusque
2087 1692 2489 1765 confinatos
2529 1694 2741 1766 fuisse
2771 1720 2984 1794 supra

850 1814 1159 1884 diximus
1182 1868 1201 1903 ‚
1243 1826 1669 1910 perventum
1705 1824 1848 1901 est,
1894 1810 2319 1906 fueruntque
2360 1811 2495 1908 ipsi
2525 1823 2668 1881 tres
2694 1810 2986 1883 adducti

852 1955 980 2028 per
996 1930 1438 2027 apparitores
1463 1926 1695 2021 regios
1719 1925 1812 1995 ad
1830 1925 2309 1996 Castelletum.
2348 1929 2514 2012 Quo
2544 1950 2716 1996 cum
2743 1948 2988 2000 coram

843 2040 1089 2137 judice
1122 2039 1475 2110 criminali
1509 2036 1806 2107 fuissent
1831 2036 2124 2108 exhibiti
2144 2037 2220 2106 in
2239 2038 2404 2108 loco
2429 2050 2982 2129 tormentorum,

853 2160 925 2229 in
962 2182 1108 2252 quo
1143 2156 1233 2228 de
1266 2156 1403 2225 reis
1428 2154 1842 2251 capitalium
1876 2154 2259 2224 criminum
2292 2154 2719 2248 quaestiones
2739 2153 2988 2226 haberi

852 2275 1118 2360 solent,
1161 2272 1443 2343 fuerunt
1476 2269 1782 2365 adjurati
1829 2292 2106 2358 omneS,
2147 2267 2281 2339 sub
2329 2294 2548 2367 poena
2583 2269 2862 2368 capitiS‚
2900 2270 2990 2342 ad

855 2388 1281 2485 inquirenda
1328 2386 1565 2457 dicere
1623 2386 2016 2457 veritatem.
2077 2385 2296 2473 Quod
2348 2410 2515 2456 cum
2567 2410 2641 2457 se
2679 2385 2994 2458 facturos

848 2506 1237 2601 jurassent,
1281 2501 1568 2574 fuerunt
1616 2525 1745 2597 per
1789 2501 2108 2597 judicem
2147 2501 2538 2597 sigillatim,
2577 2500 2994 2574 absentibus

855 2619 1122 2689 caeteris
1143 2672 1160 2707 ,
1209 2616 1511 2714 quilibet
1540 2616 1924 2687 examinati
1961 2632 2174 2712 atque
2207 2617 2618 2712 interrogati
2655 2641 2835 2713 quas
2871 2642 2994 2715 pe-

857 2734 1103 2804 cunias
1151 2732 1241 2802 de
1270 2729 1738 2829 proventibus
1771 2732 2030 2801 nostris
2066 2731 2550 2803 ecclesiasticis
2600 2746 2816 2827 atque
2875 2755 2996 2829 pa-

856 2846 1381 2918 trimonialibus
1435 2847 1548 2915 vel
1599 2871 1732 2942 pro
1809 2845 2019 2917 nobis
2081 2846 2546 2943 recepissent,
2600 2846 2714 2918 vel
2779 2845 2994 2918 nobis

859 2964 1350 3051 destinassent,
1392 2978 1463 3034 et
1487 2988 1617 3061 per
1650 2989 1835 3059 quos
1870 2964 1941 3035 id
1980 2964 2249 3037 factum
2279 2966 2676 3037 exstitisset.
2701 2967 2992 3039 Seniore

860 3093 1098 3151 autem
1133 3105 1218 3149 ex
1266 3080 1434 3176 ipsis
1481 3079 1706 3149 tribus
1733 3136 1750 3170 ,
1789 3081 1913 3175 qui
1962 3082 2559 3178 septuagesimum
2583 3084 2733 3179 jam
2774 3084 2995 3155 aetatis

860 3212 1246 3267 excesserat
1295 3220 1566 3267 annum
1593 3199 1635 3283 ¹,
1680 3221 1768 3267 eo
1807 3198 2004 3293 quod
2042 3215 2489 3270 sacramento
2541 3198 2891 3271 firmasset
2924 3225 2996 3270 se

859 3311 949 3381 de
1002 3312 1215 3383 rebus
1259 3314 1517 3383 nostris
1553 3312 1825 3384 nullam
1862 3338 2152 3409 prorsus
2185 3316 2517 3387 habuisse
2551 3316 2999 3389 administra-

863 3429 1131 3498 tionem
1165 3444 1288 3498 aut
1320 3454 1600 3521 curam,
1643 3429 1960 3520 dimisso,
2004 3457 2287 3504 necesse
2323 3434 2478 3504 aliis
2508 3432 2798 3505 duobus
2834 3434 2989 3519 fuit,

862 3544 1122 3641 quibus
1154 3571 1391 3616 rerum
1434 3562 1839 3617 nostrarum
1876 3550 2374 3621 omnimodam
2413 3553 2998 3623 commiseramus

864 3663 1442 3756 procurationem
1468 3718 1485 3753 ,
1532 3676 1607 3732 ut
1653 3664 1725 3734 in
1767 3664 2095 3735 eamdem
2131 3666 2527 3737 concordes
2574 3668 2998 3739 sententiam

866 3800 993 3845 nec
1045 3801 1086 3847 a
1131 3801 1204 3847 se
1245 3778 1551 3847 invicem
1590 3777 2032 3849 discedentes
2098 3782 2610 3852 invenirentur.
2669 3782 2888 3869 Quod
2944 3784 2999 3854 si

862 3891 1286 3988 deprehensi
1347 3892 1669 3984 fuissent,
1712 3894 2165 3966 manifestum
2212 3898 2312 3967 eis
2361 3897 2827 3995 impendebat
2859 3899 3001 3969 exi-

1366 4052 1411 4147 ὀ

950 4181 1001 4233 1.
1052 4178 1127 4235 Ce
1158 4173 1278 4233 doit
1320 4177 1442 4234 etre
1482 4176 1691 4235 Michel
1729 4178 1898 4235 Basin
1924 4222 1939 4250 ,
1984 4198 2082 4235 sur
2114 4179 2303 4255 lequel
2340 4199 2417 4238 on
2459 4192 2732 4239 trouver-a
2767 4200 2844 4239 un
2876 4194 2998 4239 acte

865 4270 942 4328 du
973 4270 1101 4347 plus
1136 4270 1319 4349 grand
1346 4270 1556 4328 interiet
1584 4272 1770 4349 parmi
1803 4274 1884 4331 les
1907 4273 2098 4351 pieces
2123 4273 2201 4331 du
2231 4273 2552 4351 quatrieme
2584 4275 2835 4333 volume.
