3400 5417
1141 512 1359 568 LIBER
1418 512 1823 570 SECUNDUS.
2435 514 2549 571 367

404 646 641 743 risque
706 644 1077 718 canonicis
1138 644 1451 741 antiquis
1518 644 1905 743 privilegiis
1966 661 2038 719 et
2107 644 2554 720 libertatibus

402 760 851 833 earumdem.

503 877 700 963 Quin
760 878 978 950 etiam
1042 874 1591 978 surripientibus
1654 878 1922 975 iniquis
1987 892 2060 950 et
2122 879 2555 977 importunis

401 990 810 1089 quibusque
844 992 1297 1085 hominibus,
1343 991 1702 1089 quidquid
1735 992 1827 1064 de
1871 993 2294 1065 inferiorum
2334 994 2556 1065 eccle·

400 1110 855 1182 siasticorum
901 1111 1274 1184 titulorum
1307 1109 1791 1201 ordinatione,
1827 1109 1941 1182 vel
1967 1111 2252 1207 justitiae
2294 1110 2409 1181 vel
2447 1110 2556 1181 in-

392 1222 679 1319 justitiae
714 1224 1157 1298 exhibitione
1189 1223 1510 1313 mandet,
1548 1224 1785 1322 pareri
1816 1223 1950 1296 sibi
1979 1225 2158 1319 vult,
2193 1224 2395 1296 nullo
2427 1224 2552 1296 de-

398 1342 588 1416 lectu
654 1344 907 1418 habito
930 1400 950 1437 ,
1017 1347 1287 1443 justum
1359 1358 1573 1439 atque
1641 1368 1929 1440 aequum
1987 1345 2065 1416 id
2131 1345 2553 1443 iniquumve

400 1462 710 1555 exsistat,
752 1462 1091 1559 nullaque
1122 1464 1199 1534 in
1242 1460 1682 1533 contrarium
1720 1460 2176 1533 excusatione
2211 1459 2545 1533 admissa.

399 1578 616 1663 Quod
655 1578 791 1677 ipsi
827 1604 1037 1676 saepe,
1077 1580 1253 1651 dum
1290 1579 1404 1650 vel
1433 1577 1509 1647 in
1544 1574 1840 1649 ecclesia
1885 1592 2129 1649 nostra
2161 1576 2553 1649 residentes

397 1692 638 1764 adhuc
677 1719 1017 1787 essemus,
1064 1695 1177 1766 vel
1221 1695 1398 1765 dum
1444 1692 1579 1763 sibi
1620 1693 1696 1763 in
1740 1694 2077 1765 exercitio
2114 1694 2551 1767 cancellariae

398 1807 474 1877 in
513 1810 887 1881 Catalonia
930 1811 1382 1899 serviremuS,
1436 1833 1589 1879 non
1637 1808 1790 1880 sine
1835 1809 2076 1880 multis
2117 1809 2437 1907 suspiriis
2467 1834 2551 1883 ac

397 1926 803 2021 gemitibus,
841 1927 1029 2025 proh
1067 1923 1313 1998 dolor!
1349 1926 1619 2024 experti
1649 1948 1932 2018 sumus3
1970 1923 2100 1996 ubi
2123 1925 2322 1997 nulla
2349 1950 2549 2024 paene

396 2066 720 2138 unquam
758 2042 851 2115 ab
890 2068 979 2116 eo
1013 2043 1354 2115 mandata
1386 2043 1501 2113 vel
1533 2041 1868 2141 epistolas
1907 2042 2373 2139 suscepimuS,
2413 2043 2548 2115 nisi

394 2158 508 2229 vel
538 2184 671 2257 pro
696 2159 1038 2255 injustitia
1071 2160 1280 2231 alicui
1320 2159 1669 2247 facienda,
1709 2157 1822 2229 vel
1853 2183 1988 2257 pro
2020 2158 2548 2254 requirentibus

393 2288 609 2371 atque
651 2276 997 2348 instanter
1041 2274 1451 2374 petentibus
1483 2276 1756 2372 justitia
1783 2274 2206 2371 deneganda
2243 2299 2371 2347 seu
2409 2276 2545 2347 dif-

396 2389 712 2463 ferenda.

494 2503 710 2590 Quod
740 2504 979 2601 igitur,
1024 2504 1450 2603 disponente
1486 2503 1613 2574 Dei
1648 2502 2058 2597 elementia,
2093 2504 2215 2575 tali
2240 2503 2542 2577 domino

394 2617 798 2715 talibusque
846 2622 1075 2693 anxiis
1121 2636 1191 2691 et
1238 2619 1589 2717 perplexis
1630 2616 2088 2690 servitutibus
2123 2621 2432 2719 exempti
2475 2637 2544 2692 et

393 2732 600 2804 liberi
637 2760 908 2827 sumuS,
954 2736 1213 2829 gratias
1248 2736 1728 2833 permaximas
1753 2760 1889 2805 nos
1917 2759 2051 2832 pro
2089 2748 2289 2807 tanto
2323 2735 2544 2807 bene-

394 2847 560 2919 ficio
611 2849 873 2921 debere
923 2852 1023 2921 illi
1074 2852 1610 2947 cognoscimuS,
1660 2851 1789 2948 qui
1830 2876 1964 2922 nos
1997 2852 2253 2949 eripuit
2285 2854 2376 2925 de
2417 2878 2545 2952 po·

396 2976 640 3035 testate
682 2966 1179 3060 tenebrarum,
1229 2967 1319 3037 de
1362 2967 1652 3039 fornace
1689 2983 1903 3064 atque
1947 2968 2284 3040 incendio
2322 2968 2544 3065 Baby-

393 3075 605 3168 lonis,
645 3092 859 3173 atque
905 3079 1284 3150 durissima
1318 3079 1475 3172 luti,
1518 3080 1739 3177 paleae
1771 3094 1842 3149 et
1880 3079 2116 3150 lateris
2154 3080 2542 3153 Pharaonis

392 3194 750 3264 servitute.
805 3197 955 3266 Hac
1007 3196 1275 3292 quippe
1321 3196 1633 3284 ratione,
1696 3194 1841 3264 hoc
1884 3196 2077 3266 velut
2120 3198 2540 3268 suavissimo

394 3325 763 3402 unguento
798 3332 1092 3381 omnem
1127 3312 1276 3381 vim
1311 3312 1593 3382 inflictae
1635 3312 2187 3410 persecutionis,
2245 3340 2539 3386 omnem

393 3426 804 3497 exsiliorum
842 3428 1273 3519 molestiam,
1327 3454 1620 3501 omnem
1660 3454 1900 3500 rerum
1940 3431 2336 3525 jacturam,
2385 3458 2538 3503 oni·-

394 3542 541 3632 nia,
573 3568 728 3637 quae
753 3546 900 3641 pati
932 3546 1444 3639 existimamur,
1476 3547 1943 3618 incommoda
1970 3546 2289 3619 solamur
2323 3563 2537 3646 atque

394 3660 547 3726 Deo
591 3658 913 3753 adjutore
946 3660 1289 3730 levamus,
