<?xml version="1.0" encoding="UTF-8"?>
<!DOCTYPE html PUBLIC "-//W3C//DTD XHTML 1.0 Transitional//EN"
    "http://www.w3.org/TR/xhtml1/DTD/xhtml1-transitional.dtd">
<html xmlns="http://www.w3.org/1999/xhtml" xml:lang="en" lang="en">
 <head>
  <title>
</title>
<meta http-equiv="Content-Type" content="text/html;charset=utf-8" />
  <meta name='ocr-system' content='tesseract 3.04.00' />
  <meta name='ocr-capabilities' content='ocr_page ocr_carea ocr_par ocr_line ocrx_word'/>
</head>
<body>
  <div class='ocr_page' id='page_1' title='image "./histoiredesrgne00unkngoog_0325.png"; bbox 0 0 3400 5417; ppageno 0'>
   <div class='ocr_carea' id='block_1_1' title="bbox 1205 510 2548 570">
    <p class='ocr_par' dir='ltr' id='par_1_1' title="bbox 1205 510 2548 570">
     <span class='ocr_line' id='line_1_1' title="bbox 1205 510 2548 570; baseline 0 -2"><span class='ocrx_word' id='word_1_1' title='bbox 1205 510 1428 568; x_wconf 84' lang='lat' dir='ltr'>LIBER</span> <span class='ocrx_word' id='word_1_2' title='bbox 1467 511 1767 570; x_wconf 79' lang='lat' dir='ltr'>PRIMUS.</span> <span class='ocrx_word' id='word_1_3' title='bbox 2440 511 2548 568; x_wconf 77' lang='lat'><strong>281</strong></span> 
     </span>
    </p>
   </div>
   <div class='ocr_carea' id='block_1_2' title="bbox 419 643 2570 2259">
    <p class='ocr_par' dir='ltr' id='par_1_2' title="bbox 419 643 2570 2259">
     <span class='ocr_line' id='line_1_2' title="bbox 425 643 2557 743; baseline 0.001 -27"><span class='ocrx_word' id='word_1_4' title='bbox 425 646 686 743; x_wconf 81' lang='lat' dir='ltr'><strong>positi,</strong></span> <span class='ocrx_word' id='word_1_5' title='bbox 733 644 1021 716; x_wconf 88' lang='lat' dir='ltr'><strong>cuidam</strong></span> <span class='ocrx_word' id='word_1_6' title='bbox 1059 645 1314 717; x_wconf 83' lang='lat' dir='ltr'><strong>cadeto</strong></span> <span class='ocrx_word' id='word_1_7' title='bbox 1347 644 1652 717; x_wconf 82' lang='lat' dir='ltr'><strong>Dalbret</strong></span> <span class='ocrx_word' id='word_1_8' title='bbox 1677 649 1724 739; x_wconf 88' lang='lat'><strong>¹,</strong></span> <span class='ocrx_word' id='word_1_9' title='bbox 1772 643 2011 717; x_wconf 82' lang='lat' dir='ltr'>traditi</span> <span class='ocrx_word' id='word_1_10' title='bbox 2062 645 2378 738; x_wconf 83' lang='lat' dir='ltr'><strong>fuerant,</strong></span> <span class='ocrx_word' id='word_1_11' title='bbox 2434 647 2557 743; x_wconf 92' lang='lat' dir='ltr'><strong>qui</strong></span> 
     </span>
     <span class='ocr_line' id='line_1_3' title="bbox 421 761 2561 862; baseline 0.002 -30"><span class='ocrx_word' id='word_1_12' title='bbox 421 785 554 832; x_wconf 87' lang='lat' dir='ltr'><strong>eos</strong></span> <span class='ocrx_word' id='word_1_13' title='bbox 585 761 679 832; x_wconf 94' lang='lat' dir='ltr'><strong>ad</strong></span> <span class='ocrx_word' id='word_1_14' title='bbox 712 787 893 858; x_wconf 91' lang='lat' dir='ltr'><strong>quos</strong></span> <span class='ocrx_word' id='word_1_15' title='bbox 915 761 1127 833; x_wconf 90' lang='lat' dir='ltr'><strong>libuit</strong></span> <span class='ocrx_word' id='word_1_16' title='bbox 1160 788 1328 833; x_wconf 88' lang='lat' dir='ltr'><strong>usus</strong></span> <span class='ocrx_word' id='word_1_17' title='bbox 1356 763 1715 860; x_wconf 86' lang='lat' dir='ltr'><strong>applicare</strong></span> <span class='ocrx_word' id='word_1_18' title='bbox 1737 819 1757 856; x_wconf 89' lang='lat'>,</span> <span class='ocrx_word' id='word_1_19' title='bbox 1807 762 1940 834; x_wconf 90' lang='lat' dir='ltr'><strong>Dei</strong></span> <span class='ocrx_word' id='word_1_20' title='bbox 1989 763 2243 835; x_wconf 86' lang='lat' dir='ltr'><strong>timore</strong></span> <span class='ocrx_word' id='word_1_21' title='bbox 2276 763 2561 862; x_wconf 85' lang='lat' dir='ltr'><strong>postha-</strong></span> 
     </span>
     <span class='ocr_line' id='line_1_4' title="bbox 419 877 2560 977; baseline 0.002 -29"><span class='ocrx_word' id='word_1_22' title='bbox 419 877 609 971; x_wconf 89' lang='lat' dir='ltr'><strong>bito,</strong></span> <span class='ocrx_word' id='word_1_23' title='bbox 651 879 946 949; x_wconf 89' lang='lat' dir='ltr'><strong>minime</strong></span> <span class='ocrx_word' id='word_1_24' title='bbox 997 877 1434 951; x_wconf 85' lang='lat' dir='ltr'><strong>formidavit.</strong></span> <span class='ocrx_word' id='word_1_25' title='bbox 1473 878 1614 950; x_wconf 90' lang='lat' dir='ltr'><strong>Sed</strong></span> <span class='ocrx_word' id='word_1_26' title='bbox 1651 878 2148 977; x_wconf 83' lang='lat' dir='ltr'><strong>postmodum,</strong></span> <span class='ocrx_word' id='word_1_27' title='bbox 2195 894 2560 953; x_wconf 86' lang='lat' dir='ltr'><strong>contracta</strong></span> 
     </span>
     <span class='ocr_line' id='line_1_5' title="bbox 421 994 2563 1093; baseline 0.001 -28"><span class='ocrx_word' id='word_1_28' title='bbox 421 1019 558 1093; x_wconf 89' lang='lat' dir='ltr'><strong>per</strong></span> <span class='ocrx_word' id='word_1_29' title='bbox 575 1019 741 1066; x_wconf 90' lang='lat' dir='ltr'><strong>eum</strong></span> <span class='ocrx_word' id='word_1_30' title='bbox 765 995 1078 1092; x_wconf 86' lang='lat' dir='ltr'><strong>quadam</strong></span> <span class='ocrx_word' id='word_1_31' title='bbox 1103 996 1177 1066; x_wconf 93' lang='lat' dir='ltr'><strong>in</strong></span> <span class='ocrx_word' id='word_1_32' title='bbox 1213 1021 1454 1091; x_wconf 88' lang='lat' dir='ltr'><strong>regem</strong></span> <span class='ocrx_word' id='word_1_33' title='bbox 1488 994 1914 1090; x_wconf 83' lang='lat' dir='ltr'><strong>ofsensione,</strong></span> <span class='ocrx_word' id='word_1_34' title='bbox 1939 997 2015 1070; x_wconf 91' lang='lat' dir='ltr'><strong>in</strong></span> <span class='ocrx_word' id='word_1_35' title='bbox 2049 996 2227 1069; x_wconf 88' lang='lat' dir='ltr'><strong>urbe</strong></span> <span class='ocrx_word' id='word_1_36' title='bbox 2263 998 2563 1068; x_wconf 87' lang='lat' dir='ltr'><strong>Pictavis</strong></span> 
     </span>
     <span class='ocr_line' id='line_1_6' title="bbox 425 1111 2563 1210; baseline 0 -28"><span class='ocrx_word' id='word_1_37' title='bbox 425 1135 559 1207; x_wconf 88' lang='lat' dir='ltr'><strong>per</strong></span> <span class='ocrx_word' id='word_1_38' title='bbox 593 1135 759 1183; x_wconf 87' lang='lat' dir='ltr'><strong>eum</strong></span> <span class='ocrx_word' id='word_1_39' title='bbox 810 1111 1039 1208; x_wconf 87' lang='lat' dir='ltr'><strong>capite</strong></span> <span class='ocrx_word' id='word_1_40' title='bbox 1085 1111 1334 1207; x_wconf 85' lang='lat' dir='ltr'><strong>plexus</strong></span> <span class='ocrx_word' id='word_1_41' title='bbox 1383 1127 1455 1184; x_wconf 85' lang='lat' dir='ltr'><strong>et</strong></span> <span class='ocrx_word' id='word_1_42' title='bbox 1503 1113 1578 1183; x_wconf 91' lang='lat' dir='ltr'><strong>in</strong></span> <span class='ocrx_word' id='word_1_43' title='bbox 1624 1128 1861 1210; x_wconf 81' lang='lat' dir='ltr'><strong>partes</strong></span> <span class='ocrx_word' id='word_1_44' title='bbox 1911 1127 2223 1209; x_wconf 89' lang='lat' dir='ltr'><strong>quatuor</strong></span> <span class='ocrx_word' id='word_1_45' title='bbox 2258 1112 2563 1184; x_wconf 89' lang='lat' dir='ltr'><strong>laniatus</strong></span> 
     </span>
     <span class='ocr_line' id='line_1_7' title="bbox 429 1226 2565 1325; baseline 0 -29"><span class='ocrx_word' id='word_1_46' title='bbox 429 1241 668 1298; x_wconf 84' lang='lat' dir='ltr'><strong>aestate</strong></span> <span class='ocrx_word' id='word_1_47' title='bbox 720 1228 1042 1325; x_wconf 83' lang='lat' dir='ltr'>proxime</span> <span class='ocrx_word' id='word_1_48' title='bbox 1095 1227 1448 1324; x_wconf 87' lang='lat' dir='ltr'><strong>praeterita</strong></span> <span class='ocrx_word' id='word_1_49' title='bbox 1499 1227 1631 1298; x_wconf 88' lang='lat' dir='ltr'><strong>fuit</strong></span> <span class='ocrx_word' id='word_1_50' title='bbox 1654 1231 1700 1299; x_wconf 81' lang='lat'><strong>².</strong></span> <span class='ocrx_word' id='word_1_51' title='bbox 1762 1227 1894 1299; x_wconf 92' lang='lat' dir='ltr'><strong>Cui</strong></span> <span class='ocrx_word' id='word_1_52' title='bbox 1954 1226 2427 1300; x_wconf 90' lang='lat' dir='ltr'><strong>nihilominus</strong></span> <span class='ocrx_word' id='word_1_53' title='bbox 2483 1241 2565 1297; x_wconf 88' lang='lat' dir='ltr'><strong>ut</strong></span> 
     </span>
     <span class='ocr_line' id='line_1_8' title="bbox 425 1347 2564 1447; baseline 0.001 -31"><span class='ocrx_word' id='word_1_54' title='bbox 425 1349 622 1416; x_wconf 89' lang='lat' dir='ltr'><strong>Deus</strong></span> <span class='ocrx_word' id='word_1_55' title='bbox 649 1347 1000 1445; x_wconf 89' lang='lat' dir='ltr'><strong>propitius</strong></span> <span class='ocrx_word' id='word_1_56' title='bbox 1040 1371 1188 1418; x_wconf 92' lang='lat' dir='ltr'><strong>esse</strong></span> <span class='ocrx_word' id='word_1_57' title='bbox 1217 1347 1548 1445; x_wconf 86' lang='lat' dir='ltr'><strong>dignetur</strong></span> <span class='ocrx_word' id='word_1_58' title='bbox 1593 1362 1808 1446; x_wconf 87' lang='lat' dir='ltr'><strong>atque</strong></span> <span class='ocrx_word' id='word_1_59' title='bbox 1842 1362 2303 1447; x_wconf 86' lang='lat' dir='ltr'><strong>peccatorum</strong></span> <span class='ocrx_word' id='word_1_60' title='bbox 2341 1363 2413 1419; x_wconf 91' lang='lat' dir='ltr'><strong>et</strong></span> <span class='ocrx_word' id='word_1_61' title='bbox 2452 1373 2564 1419; x_wconf 91' lang='lat' dir='ltr'><strong>er-</strong></span> 
     </span>
     <span class='ocr_line' id='line_1_9' title="bbox 424 1464 2457 1563; baseline 0 -30"><span class='ocrx_word' id='word_1_62' title='bbox 424 1478 747 1535; x_wconf 84' lang='lat' dir='ltr'><strong>ratorum</strong></span> <span class='ocrx_word' id='word_1_63' title='bbox 783 1483 1080 1534; x_wconf 89' lang='lat' dir='ltr'><strong>suorum</strong></span> <span class='ocrx_word' id='word_1_64' title='bbox 1108 1464 1268 1560; x_wconf 90' lang='lat' dir='ltr'><strong>pius</strong></span> <span class='ocrx_word' id='word_1_65' title='bbox 1301 1465 1644 1559; x_wconf 84' lang='lat' dir='ltr'><strong>indultor,</strong></span> <span class='ocrx_word' id='word_1_66' title='bbox 1675 1465 2031 1563; x_wconf 89' lang='lat' dir='ltr'><strong>supplices</strong></span> <span class='ocrx_word' id='word_1_67' title='bbox 2057 1488 2457 1536; x_wconf 83' lang='lat' dir='ltr'><strong>exoramus.</strong></span> 
     </span>
     <span class='ocr_line' id='line_1_10' title="bbox 527 1578 2563 1678; baseline 0.001 -29"><span class='ocrx_word' id='word_1_68' title='bbox 527 1583 762 1666; x_wconf 85' lang='lat' dir='ltr'><strong>Quam</strong></span> <span class='ocrx_word' id='word_1_69' title='bbox 816 1579 1133 1676; x_wconf 88' lang='lat' dir='ltr'><strong>primum</strong></span> <span class='ocrx_word' id='word_1_70' title='bbox 1183 1604 1354 1651; x_wconf 86' lang='lat' dir='ltr'><strong>vero</strong></span> <span class='ocrx_word' id='word_1_71' title='bbox 1404 1581 1648 1678; x_wconf 85' lang='lat' dir='ltr'><strong>patriae</strong></span> <span class='ocrx_word' id='word_1_72' title='bbox 1689 1578 1868 1651; x_wconf 86' lang='lat' dir='ltr'><strong>fines</strong></span> <span class='ocrx_word' id='word_1_73' title='bbox 1922 1579 2279 1674; x_wconf 86' lang='lat' dir='ltr'><strong>attigimus</strong></span> <span class='ocrx_word' id='word_1_74' title='bbox 2302 1635 2319 1667; x_wconf 89' lang='lat'>,</span> <span class='ocrx_word' id='word_1_75' title='bbox 2361 1594 2433 1650; x_wconf 87' lang='lat' dir='ltr'><strong>et</strong></span> <span class='ocrx_word' id='word_1_76' title='bbox 2491 1581 2563 1651; x_wconf 88' lang='lat' dir='ltr'><strong>in</strong></span> 
     </span>
     <span class='ocr_line' id='line_1_11' title="bbox 424 1694 2567 1793; baseline 0.001 -29"><span class='ocrx_word' id='word_1_77' title='bbox 424 1696 630 1766; x_wconf 90' lang='lat' dir='ltr'><strong>terris</strong></span> <span class='ocrx_word' id='word_1_78' title='bbox 657 1696 861 1790; x_wconf 86' lang='lat' dir='ltr'><strong>regiae</strong></span> <span class='ocrx_word' id='word_1_79' title='bbox 895 1694 1186 1766; x_wconf 90' lang='lat' dir='ltr'><strong>ditionis</strong></span> <span class='ocrx_word' id='word_1_80' title='bbox 1216 1695 1478 1793; x_wconf 89' lang='lat' dir='ltr'><strong>pedem</strong></span> <span class='ocrx_word' id='word_1_81' title='bbox 1514 1697 1913 1788; x_wconf 82' lang='lat' dir='ltr'><strong>retulimuS,</strong></span> <span class='ocrx_word' id='word_1_82' title='bbox 1959 1696 2308 1793; x_wconf 88' lang='lat' dir='ltr'><strong>coepimus</strong></span> <span class='ocrx_word' id='word_1_83' title='bbox 2355 1694 2445 1766; x_wconf 89' lang='lat' dir='ltr'><strong>ad</strong></span> <span class='ocrx_word' id='word_1_84' title='bbox 2483 1696 2567 1766; x_wconf 91' lang='lat' dir='ltr'><strong>li-</strong></span> 
     </span>
     <span class='ocr_line' id='line_1_12' title="bbox 427 1810 2567 1908; baseline 0 -27"><span class='ocrx_word' id='word_1_85' title='bbox 427 1810 732 1906; x_wconf 89' lang='lat' dir='ltr'><strong>quidum</strong></span> <span class='ocrx_word' id='word_1_86' title='bbox 804 1834 1192 1906; x_wconf 84' lang='lat' dir='ltr'><strong>agnoscere</strong></span> <span class='ocrx_word' id='word_1_87' title='bbox 1263 1811 1492 1908; x_wconf 85' lang='lat' dir='ltr'><strong>qualis</strong></span> <span class='ocrx_word' id='word_1_88' title='bbox 1547 1811 1762 1904; x_wconf 78' lang='lat' dir='ltr'><strong>fides,</strong></span> <span class='ocrx_word' id='word_1_89' title='bbox 1829 1812 2058 1908; x_wconf 88' lang='lat' dir='ltr'><strong>qualis</strong></span> <span class='ocrx_word' id='word_1_90' title='bbox 2117 1810 2567 1882; x_wconf 89' lang='lat' dir='ltr'><strong>observantia</strong></span> 
     </span>
     <span class='ocr_line' id='line_1_13' title="bbox 425 1927 2570 2027; baseline -0.001 -27"><span class='ocrx_word' id='word_1_91' title='bbox 425 1943 644 2025; x_wconf 87' lang='lat' dir='ltr'><strong>atque</strong></span> <span class='ocrx_word' id='word_1_92' title='bbox 676 1928 1032 2000; x_wconf 85' lang='lat' dir='ltr'><strong>exsecutio</strong></span> <span class='ocrx_word' id='word_1_93' title='bbox 1084 1927 1471 2000; x_wconf 84' lang='lat' dir='ltr'><strong>haberetur</strong></span> <span class='ocrx_word' id='word_1_94' title='bbox 1513 1929 1603 2001; x_wconf 93' lang='lat' dir='ltr'><strong>de</strong></span> <span class='ocrx_word' id='word_1_95' title='bbox 1651 1928 2007 2027; x_wconf 87' lang='lat' dir='ltr'><strong>regalibus</strong></span> <span class='ocrx_word' id='word_1_96' title='bbox 2053 1929 2188 2000; x_wconf 89' lang='lat' dir='ltr'><strong>illis</strong></span> <span class='ocrx_word' id='word_1_97' title='bbox 2237 1928 2570 2001; x_wconf 87' lang='lat' dir='ltr'><strong>abolitio-</strong></span> 
     </span>
     <span class='ocr_line' id='line_1_14' title="bbox 429 2042 2567 2143; baseline 0 -29"><span class='ocrx_word' id='word_1_98' title='bbox 429 2042 642 2115; x_wconf 89' lang='lat' dir='ltr'><strong>nibus</strong></span> <span class='ocrx_word' id='word_1_99' title='bbox 688 2069 997 2141; x_wconf 88' lang='lat' dir='ltr'><strong>quarum</strong></span> <span class='ocrx_word' id='word_1_100' title='bbox 1041 2059 1524 2143; x_wconf 87' lang='lat' dir='ltr'><strong>transsumpta</strong></span> <span class='ocrx_word' id='word_1_101' title='bbox 1572 2045 1984 2117; x_wconf 87' lang='lat' dir='ltr'><strong>authentica</strong></span> <span class='ocrx_word' id='word_1_102' title='bbox 2025 2070 2159 2143; x_wconf 93' lang='lat' dir='ltr'><strong>pro</strong></span> <span class='ocrx_word' id='word_1_103' title='bbox 2195 2045 2567 2116; x_wconf 85' lang='lat' dir='ltr'><strong>securitate</strong></span> 
     </span>
     <span class='ocr_line' id='line_1_15' title="bbox 427 2161 2561 2259; baseline 0.001 -30"><span class='ocrx_word' id='word_1_104' title='bbox 427 2161 808 2233; x_wconf 89' lang='lat' dir='ltr'><strong>nobiscum</strong></span> <span class='ocrx_word' id='word_1_105' title='bbox 857 2161 1288 2233; x_wconf 89' lang='lat' dir='ltr'><strong>ferebamus.</strong></span> <span class='ocrx_word' id='word_1_106' title='bbox 1352 2161 1492 2233; x_wconf 89' lang='lat' dir='ltr'><strong>Sed</strong></span> <span class='ocrx_word' id='word_1_107' title='bbox 1552 2163 1758 2259; x_wconf 90' lang='lat' dir='ltr'><strong>quia,</strong></span> <span class='ocrx_word' id='word_1_108' title='bbox 1819 2178 1899 2234; x_wconf 91' lang='lat' dir='ltr'><strong>ut</strong></span> <span class='ocrx_word' id='word_1_109' title='bbox 1950 2163 2285 2258; x_wconf 87' lang='lat' dir='ltr'><strong>Tragicus</strong></span> <span class='ocrx_word' id='word_1_110' title='bbox 2332 2164 2561 2253; x_wconf 88' lang='lat' dir='ltr'><strong>canit,</strong></span> 
     </span>
    </p>
   </div>
   <div class='ocr_carea' id='block_1_3' title="bbox 628 2341 2163 2434">
    <p class='ocr_par' dir='ltr' id='par_1_3' title="bbox 628 2341 2163 2434">
     <span class='ocr_line' id='line_1_16' title="bbox 628 2341 2163 2434; baseline 0 -28"><span class='ocrx_word' id='word_1_111' title='bbox 628 2342 852 2407; x_wconf 88' lang='lat' dir='ltr'><strong>Serum</strong></span> <span class='ocrx_word' id='word_1_112' title='bbox 882 2360 976 2408; x_wconf 87' lang='lat' dir='ltr'><strong>est</strong></span> <span class='ocrx_word' id='word_1_113' title='bbox 1008 2344 1276 2410; x_wconf 82' lang='lat' dir='ltr'><strong>cavendi</strong></span> <span class='ocrx_word' id='word_1_114' title='bbox 1309 2363 1560 2434; x_wconf 89' lang='lat' dir='ltr'><strong>tempus</strong></span> <span class='ocrx_word' id='word_1_115' title='bbox 1594 2345 1662 2408; x_wconf 89' lang='lat' dir='ltr'><strong>in</strong></span> <span class='ocrx_word' id='word_1_116' title='bbox 1696 2341 1924 2408; x_wconf 87' lang='lat' dir='ltr'><strong>mediis</strong></span> <span class='ocrx_word' id='word_1_117' title='bbox 1956 2341 2163 2422; x_wconf 84' lang='lat' dir='ltr'><strong>malis,</strong></span> 
     </span>
    </p>
   </div>
   <div class='ocr_carea' id='block_1_4' title="bbox 419 2509 2572 3655">
    <p class='ocr_par' dir='ltr' id='par_1_4' title="bbox 419 2509 2572 3655">
     <span class='ocr_line' id='line_1_17' title="bbox 419 2509 2568 2608; baseline -0.001 -24"><span class='ocrx_word' id='word_1_118' title='bbox 419 2514 571 2608; x_wconf 87' lang='lat' dir='ltr'><strong>jam</strong></span> <span class='ocrx_word' id='word_1_119' title='bbox 618 2512 870 2582; x_wconf 84' lang='lat' dir='ltr'><strong>frustra</strong></span> <span class='ocrx_word' id='word_1_120' title='bbox 905 2511 1116 2581; x_wconf 87' lang='lat' dir='ltr'><strong>nobis</strong></span> <span class='ocrx_word' id='word_1_121' title='bbox 1154 2510 1244 2581; x_wconf 90' lang='lat' dir='ltr'><strong>de</strong></span> <span class='ocrx_word' id='word_1_122' title='bbox 1289 2511 1665 2582; x_wconf 88' lang='lat' dir='ltr'><strong>temeraria</strong></span> <span class='ocrx_word' id='word_1_123' title='bbox 1707 2509 2146 2581; x_wconf 85' lang='lat' dir='ltr'><strong>confidentia</strong></span> <span class='ocrx_word' id='word_1_124' title='bbox 2194 2511 2568 2606; x_wconf 83' lang='lat' dir='ltr'><strong>poenitudo</strong></span> 
     </span>
     <span class='ocr_line' id='line_1_18' title="bbox 429 2625 2565 2722; baseline -0.001 -24"><span class='ocrx_word' id='word_1_125' title='bbox 429 2626 847 2698; x_wconf 87' lang='lat' dir='ltr'><strong>ducebatur.</strong></span> <span class='ocrx_word' id='word_1_126' title='bbox 894 2631 1072 2698; x_wconf 89' lang='lat' dir='ltr'><strong>Nam</strong></span> <span class='ocrx_word' id='word_1_127' title='bbox 1123 2627 1425 2722; x_wconf 85' lang='lat' dir='ltr'><strong>gradum</strong></span> <span class='ocrx_word' id='word_1_128' title='bbox 1485 2650 1822 2696; x_wconf 85' lang='lat' dir='ltr'><strong>revocare</strong></span> <span class='ocrx_word' id='word_1_129' title='bbox 1861 2650 2010 2695; x_wconf 92' lang='lat' dir='ltr'><strong>non</strong></span> <span class='ocrx_word' id='word_1_130' title='bbox 2055 2625 2349 2717; x_wconf 86' lang='lat' dir='ltr'><strong>licebat,</strong></span> <span class='ocrx_word' id='word_1_131' title='bbox 2403 2651 2565 2696; x_wconf 87' lang='lat' dir='ltr'><strong>cum</strong></span> 
     </span>
     <span class='ocr_line' id='line_1_19' title="bbox 431 2741 2566 2838; baseline -0.002 -23"><span class='ocrx_word' id='word_1_132' title='bbox 431 2743 564 2815; x_wconf 92' lang='lat' dir='ltr'><strong>sub</strong></span> <span class='ocrx_word' id='word_1_133' title='bbox 605 2744 1044 2815; x_wconf 85' lang='lat' dir='ltr'><strong>districtione</strong></span> <span class='ocrx_word' id='word_1_134' title='bbox 1088 2745 1279 2838; x_wconf 85' lang='lat' dir='ltr'><strong>regia</strong></span> <span class='ocrx_word' id='word_1_135' title='bbox 1327 2758 1762 2832; x_wconf 86' lang='lat' dir='ltr'><strong>teneremur,</strong></span> <span class='ocrx_word' id='word_1_136' title='bbox 1801 2741 1925 2812; x_wconf 93' lang='lat' dir='ltr'><strong>sed</strong></span> <span class='ocrx_word' id='word_1_137' title='bbox 1958 2741 2566 2838; x_wconf 85' lang='lat' dir='ltr'><strong>progrediendum</strong></span> 
     </span>
     <span class='ocr_line' id='line_1_20' title="bbox 431 2857 2569 2956; baseline -0.001 -25"><span class='ocrx_word' id='word_1_138' title='bbox 431 2861 726 2931; x_wconf 88' lang='lat' dir='ltr'><strong>ulterius</strong></span> <span class='ocrx_word' id='word_1_139' title='bbox 780 2874 932 2930; x_wconf 83' lang='lat' dir='ltr'><strong>erat</strong></span> <span class='ocrx_word' id='word_1_140' title='bbox 976 2875 1043 2931; x_wconf 86' lang='lat' dir='ltr'><strong>ct</strong></span> <span class='ocrx_word' id='word_1_141' title='bbox 1093 2858 1603 2956; x_wconf 81' lang='lat' dir='ltr'><strong>experiendum</strong></span> <span class='ocrx_word' id='word_1_142' title='bbox 1638 2858 1869 2954; x_wconf 87' lang='lat' dir='ltr'><strong>qualis</strong></span> <span class='ocrx_word' id='word_1_143' title='bbox 1913 2882 2045 2928; x_wconf 88' lang='lat' dir='ltr'><strong>nos</strong></span> <span class='ocrx_word' id='word_1_144' title='bbox 2082 2859 2368 2929; x_wconf 84' lang='lat' dir='ltr'><strong>inantea</strong></span> <span class='ocrx_word' id='word_1_145' title='bbox 2426 2857 2569 2928; x_wconf 88' lang='lat' dir='ltr'><strong>for-</strong></span> 
     </span>
     <span class='ocr_line' id='line_1_21' title="bbox 432 2975 2571 3070; baseline -0.001 -22"><span class='ocrx_word' id='word_1_146' title='bbox 432 2993 608 3049; x_wconf 86' lang='lat' dir='ltr'><strong>tuna</strong></span> <span class='ocrx_word' id='word_1_147' title='bbox 653 2991 999 3046; x_wconf 88' lang='lat' dir='ltr'><strong>maneret.</strong></span> <span class='ocrx_word' id='word_1_148' title='bbox 1061 2979 1145 3045; x_wconf 89' lang='lat' dir='ltr'><strong>Et</strong></span> <span class='ocrx_word' id='word_1_149' title='bbox 1177 3000 1344 3045; x_wconf 89' lang='lat' dir='ltr'><strong>cum</strong></span> <span class='ocrx_word' id='word_1_150' title='bbox 1379 2999 1462 3044; x_wconf 89' lang='lat' dir='ltr'><strong>ex</strong></span> <span class='ocrx_word' id='word_1_151' title='bbox 1510 2975 1960 3069; x_wconf 81' lang='lat' dir='ltr'><strong>Rothomago</strong></span> <span class='ocrx_word' id='word_1_152' title='bbox 2012 2975 2083 3043; x_wconf 92' lang='lat' dir='ltr'><strong>in</strong></span> <span class='ocrx_word' id='word_1_153' title='bbox 2128 2975 2282 3070; x_wconf 85' lang='lat' dir='ltr'><strong>ipso</strong></span> <span class='ocrx_word' id='word_1_154' title='bbox 2323 2975 2571 3069; x_wconf 86' lang='lat' dir='ltr'><strong>regalis</strong></span> 
     </span>
     <span class='ocr_line' id='line_1_22' title="bbox 432 3090 2571 3187; baseline -0.002 -23"><span class='ocrx_word' id='word_1_155' title='bbox 432 3094 791 3165; x_wconf 87' lang='lat' dir='ltr'><strong>districtus</strong></span> <span class='ocrx_word' id='word_1_156' title='bbox 829 3093 1077 3164; x_wconf 87' lang='lat' dir='ltr'><strong>limine</strong></span> <span class='ocrx_word' id='word_1_157' title='bbox 1121 3092 1330 3163; x_wconf 89' lang='lat' dir='ltr'><strong>nobis</strong></span> <span class='ocrx_word' id='word_1_158' title='bbox 1381 3092 1831 3161; x_wconf 89' lang='lat' dir='ltr'><strong>nuntiaretur</strong></span> <span class='ocrx_word' id='word_1_159' title='bbox 1864 3117 1995 3160; x_wconf 91' lang='lat' dir='ltr'><strong>nos</strong></span> <span class='ocrx_word' id='word_1_160' title='bbox 2038 3090 2132 3161; x_wconf 89' lang='lat' dir='ltr'><strong>ad</strong></span> <span class='ocrx_word' id='word_1_161' title='bbox 2177 3093 2359 3185; x_wconf 86' lang='lat' dir='ltr'><strong>regis</strong></span> <span class='ocrx_word' id='word_1_162' title='bbox 2399 3116 2571 3187; x_wconf 69' lang='lat' dir='ltr'><strong>prar-</strong></span> 
     </span>
     <span class='ocr_line' id='line_1_23' title="bbox 431 3204 2570 3306; baseline -0.003 -24"><span class='ocrx_word' id='word_1_163' title='bbox 431 3212 769 3302; x_wconf 72' lang='lat' dir='ltr'><strong>senfiam,</strong></span> <span class='ocrx_word' id='word_1_164' title='bbox 821 3211 943 3306; x_wconf 92' lang='lat' dir='ltr'><strong>qui</strong></span> <span class='ocrx_word' id='word_1_165' title='bbox 998 3224 1167 3279; x_wconf 90' lang='lat' dir='ltr'><strong>tunc</strong></span> <span class='ocrx_word' id='word_1_166' title='bbox 1217 3208 1607 3279; x_wconf 76' lang='lat' dir='ltr'><strong>Aurelianis</strong></span> <span class='ocrx_word' id='word_1_167' title='bbox 1662 3221 1815 3276; x_wconf 89' lang='lat' dir='ltr'><strong>erat</strong></span> <span class='ocrx_word' id='word_1_168' title='bbox 1842 3208 1887 3296; x_wconf 83' lang='lat'><strong>³,</strong></span> <span class='ocrx_word' id='word_1_169' title='bbox 1946 3204 2136 3276; x_wconf 90' lang='lat' dir='ltr'><strong>illico</strong></span> <span class='ocrx_word' id='word_1_170' title='bbox 2187 3222 2256 3276; x_wconf 89' lang='lat' dir='ltr'><strong>et</strong></span> <span class='ocrx_word' id='word_1_171' title='bbox 2300 3206 2570 3302; x_wconf 84' lang='lat' dir='ltr'><strong>absque</strong></span> 
     </span>
     <span class='ocr_line' id='line_1_24' title="bbox 433 3321 2571 3412; baseline -0.003 -16"><span class='ocrx_word' id='word_1_172' title='bbox 433 3327 578 3398; x_wconf 91' lang='lat' dir='ltr'><strong>ulla</strong></span> <span class='ocrx_word' id='word_1_173' title='bbox 612 3327 1064 3396; x_wconf 82' lang='lat' dir='ltr'><strong>cunctatione</strong></span> <span class='ocrx_word' id='word_1_174' title='bbox 1093 3324 1356 3395; x_wconf 89' lang='lat' dir='ltr'><strong>debere</strong></span> <span class='ocrx_word' id='word_1_175' title='bbox 1382 3323 1721 3395; x_wconf 86' lang='lat' dir='ltr'><strong>accedere</strong></span> <span class='ocrx_word' id='word_1_176' title='bbox 1743 3378 1761 3412; x_wconf 90' lang='lat'><strong><em>‚</em></strong></span> <span class='ocrx_word' id='word_1_177' title='bbox 1796 3337 1867 3391; x_wconf 89' lang='lat' dir='ltr'><strong>et</strong></span> <span class='ocrx_word' id='word_1_178' title='bbox 1897 3335 2001 3411; x_wconf 84' lang='lat' dir='ltr'><strong>ut,</strong></span> <span class='ocrx_word' id='word_1_179' title='bbox 2043 3321 2287 3392; x_wconf 86' lang='lat' dir='ltr'><strong>relicto</strong></span> <span class='ocrx_word' id='word_1_180' title='bbox 2322 3322 2571 3390; x_wconf 84' lang='lat' dir='ltr'><strong>itinere</strong></span> 
     </span>
     <span class='ocr_line' id='line_1_25' title="bbox 435 3435 2572 3538; baseline -0.004 -26"><span class='ocrx_word' id='word_1_181' title='bbox 435 3467 562 3538; x_wconf 87' lang='lat' dir='ltr'><strong>per</strong></span> <span class='ocrx_word' id='word_1_182' title='bbox 601 3442 1122 3533; x_wconf 78' lang='lat' dir='ltr'><strong>Rothomagum</strong></span> <span class='ocrx_word' id='word_1_183' title='bbox 1177 3446 1349 3537; x_wconf 79' lang='lat' dir='ltr'><strong>(qua</strong></span> <span class='ocrx_word' id='word_1_184' title='bbox 1394 3454 1584 3510; x_wconf 89' lang='lat' dir='ltr'><strong>recta</strong></span> <span class='ocrx_word' id='word_1_185' title='bbox 1632 3436 1843 3507; x_wconf 87' lang='lat' dir='ltr'><strong>nobis</strong></span> <span class='ocrx_word' id='word_1_186' title='bbox 1875 3435 2162 3534; x_wconf 83' lang='lat' dir='ltr'><strong>patebat</strong></span> <span class='ocrx_word' id='word_1_187' title='bbox 2205 3436 2378 3529; x_wconf 72' lang='lat' dir='ltr'><strong>via),</strong></span> <span class='ocrx_word' id='word_1_188' title='bbox 2448 3441 2572 3505; x_wconf 54' lang='lat' dir='ltr'><strong>&amp;u-</strong></span> 
     </span>
     <span class='ocr_line' id='line_1_26' title="bbox 434 3553 2569 3655; baseline -0.002 -27"><span class='ocrx_word' id='word_1_189' title='bbox 434 3561 716 3629; x_wconf 86' lang='lat' dir='ltr'><strong>relianis</strong></span> <span class='ocrx_word' id='word_1_190' title='bbox 749 3584 876 3655; x_wconf 90' lang='lat' dir='ltr'><strong>per</strong></span> <span class='ocrx_word' id='word_1_191' title='bbox 918 3559 1125 3629; x_wconf 84' lang='lat' dir='ltr'><strong>silvas</strong></span> <span class='ocrx_word' id='word_1_192' title='bbox 1156 3573 1225 3628; x_wconf 81' lang='lat' dir='ltr'><strong>et</strong></span> <span class='ocrx_word' id='word_1_193' title='bbox 1260 3558 1448 3627; x_wconf 80' lang='lat' dir='ltr'><strong>invia</strong></span> <span class='ocrx_word' id='word_1_194' title='bbox 1480 3554 1807 3650; x_wconf 67' lang='lat' dir='ltr'><strong>quaedam</strong></span> <span class='ocrx_word' id='word_1_195' title='bbox 1850 3569 2065 3649; x_wconf 89' lang='lat' dir='ltr'><strong>atque</strong></span> <span class='ocrx_word' id='word_1_196' title='bbox 2102 3553 2377 3624; x_wconf 86' lang='lat' dir='ltr'><strong>deserta</strong></span> <span class='ocrx_word' id='word_1_197' title='bbox 2413 3554 2569 3624; x_wconf 81' lang='lat' dir='ltr'><strong>loca</strong></span> 
     </span>
    </p>
   </div>
   <div class='ocr_carea' id='block_1_5' title="bbox 445 3795 2574 4154">
    <p class='ocr_par' dir='ltr' id='par_1_5' title="bbox 445 3795 2571 3970">
     <span class='ocr_line' id='line_1_27' title="bbox 524 3795 2571 3879; baseline -0.004 -19"><span class='ocrx_word' id='word_1_198' title='bbox 524 3808 580 3862; x_wconf 83' lang='grc'><strong>1.</strong></span> <span class='ocrx_word' id='word_1_199' title='bbox 629 3803 866 3862; x_wconf 84' lang='lat' dir='ltr'><strong>Charles</strong></span> <span class='ocrx_word' id='word_1_200' title='bbox 910 3803 1174 3860; x_wconf 81' lang='lat' dir='ltr'><strong>d&#39;Albret</strong></span> <span class='ocrx_word' id='word_1_201' title='bbox 1195 3846 1211 3874; x_wconf 85' lang='lat'><strong>,</strong></span> <span class='ocrx_word' id='word_1_202' title='bbox 1265 3800 1536 3879; x_wconf 85' lang='lat' dir='ltr'><strong>seigneur</strong></span> <span class='ocrx_word' id='word_1_203' title='bbox 1582 3799 1654 3856; x_wconf 87' lang='lat' dir='ltr'><strong>de</strong></span> <span class='ocrx_word' id='word_1_204' title='bbox 1694 3797 2128 3856; x_wconf 83' lang='lat' dir='ltr'><strong>Saint-Bazeille</strong></span> <span class='ocrx_word' id='word_1_205' title='bbox 2149 3841 2165 3868; x_wconf 86' lang='lat'>‚</span> <span class='ocrx_word' id='word_1_206' title='bbox 2218 3796 2477 3873; x_wconf 71' lang='lat' dir='ltr'><strong>decapite</strong></span> <span class='ocrx_word' id='word_1_207' title='bbox 2538 3795 2571 3852; x_wconf 73' lang='lat' dir='ltr'><strong>a</strong></span> 
     </span>
     <span class='ocr_line' id='line_1_28' title="bbox 445 3896 1245 3970; baseline -0.005 -16"><span class='ocrx_word' id='word_1_208' title='bbox 445 3899 704 3970; x_wconf 79' lang='lat' dir='ltr'><strong>poitiers,</strong></span> <span class='ocrx_word' id='word_1_209' title='bbox 737 3896 789 3953; x_wconf 93' lang='lat' dir='ltr'><strong>le</strong></span> <span class='ocrx_word' id='word_1_210' title='bbox 823 3903 855 3954; x_wconf 89' lang='lat'><strong>7</strong></span> <span class='ocrx_word' id='word_1_211' title='bbox 892 3896 1037 3954; x_wconf 87' lang='lat' dir='ltr'><strong>avril</strong></span> <span class='ocrx_word' id='word_1_212' title='bbox 1070 3899 1245 3953; x_wconf 67' lang='lat'><strong>1473.</strong></span> 
     </span>
    </p>

    <p class='ocr_par' dir='ltr' id='par_1_6' title="bbox 521 3983 2251 4060">
     <span class='ocr_line' id='line_1_29' title="bbox 521 3983 2251 4060; baseline -0.003 -14"><span class='ocrx_word' id='word_1_213' title='bbox 521 3994 576 4047; x_wconf 75' lang='lat'><strong>⁶2.</strong></span> <span class='ocrx_word' id='word_1_214' title='bbox 624 3993 899 4046; x_wconf 85' lang='lat' dir='ltr'><strong>L&#39;auteur</strong></span> <span class='ocrx_word' id='word_1_215' title='bbox 927 3989 1150 4046; x_wconf 85' lang='lat' dir='ltr'><strong>revient</strong></span> <span class='ocrx_word' id='word_1_216' title='bbox 1179 4008 1278 4045; x_wconf 83' lang='lat' dir='ltr'><strong>sur</strong></span> <span class='ocrx_word' id='word_1_217' title='bbox 1307 4005 1372 4044; x_wconf 86' lang='lat' dir='ltr'><strong>ce</strong></span> <span class='ocrx_word' id='word_1_218' title='bbox 1401 3985 1502 4042; x_wconf 84' lang='lat' dir='ltr'><strong>fait</strong></span> <span class='ocrx_word' id='word_1_219' title='bbox 1529 3986 1670 4043; x_wconf 78' lang='lat' dir='ltr'><strong>dans</strong></span> <span class='ocrx_word' id='word_1_220' title='bbox 1701 4003 1807 4041; x_wconf 87' lang='lat' dir='ltr'><strong>son</strong></span> <span class='ocrx_word' id='word_1_221' title='bbox 1838 3983 2095 4060; x_wconf 83' lang='lat' dir='ltr'><strong>chapitre</strong></span> <span class='ocrx_word' id='word_1_222' title='bbox 2132 4003 2251 4040; x_wconf 82' lang='lat' dir='ltr'>xx1.</span> 
     </span>
    </p>

    <p class='ocr_par' dir='ltr' id='par_1_7' title="bbox 524 4073 2574 4154">
     <span class='ocr_line' id='line_1_30' title="bbox 524 4073 2574 4154; baseline -0.005 -15"><span class='ocrx_word' id='word_1_223' title='bbox 524 4088 580 4140; x_wconf 86' lang='lat'><strong>3.</strong></span> <span class='ocrx_word' id='word_1_224' title='bbox 623 4082 797 4138; x_wconf 89' lang='lat' dir='ltr'><strong>Louis</strong></span> <span class='ocrx_word' id='word_1_225' title='bbox 827 4085 910 4138; x_wconf 86' lang='lat' dir='ltr'><strong>XI</strong></span> <span class='ocrx_word' id='word_1_226' title='bbox 940 4102 1000 4138; x_wconf 88' lang='lat' dir='ltr'><strong>se</strong></span> <span class='ocrx_word' id='word_1_227' title='bbox 1030 4081 1134 4138; x_wconf 85' lang='lat' dir='ltr'><strong>tint</strong></span> <span class='ocrx_word' id='word_1_228' title='bbox 1164 4083 1196 4137; x_wconf 73' lang='lat' dir='ltr'><strong>a</strong></span> <span class='ocrx_word' id='word_1_229' title='bbox 1226 4079 1466 4136; x_wconf 75' lang='lat' dir='ltr'><strong>Orleans</strong></span> <span class='ocrx_word' id='word_1_230' title='bbox 1504 4078 1711 4154; x_wconf 85' lang='lat' dir='ltr'><strong>depuis</strong></span> <span class='ocrx_word' id='word_1_231' title='bbox 1741 4077 1794 4134; x_wconf 88' lang='lat' dir='ltr'><strong>la</strong></span> <span class='ocrx_word' id='word_1_232' title='bbox 1827 4079 1905 4132; x_wconf 81' lang='lat' dir='ltr'><strong>{in</strong></span> <span class='ocrx_word' id='word_1_233' title='bbox 1934 4074 2233 4132; x_wconf 62' lang='lat' dir='ltr'><strong>d’octolire</strong></span> <span class='ocrx_word' id='word_1_234' title='bbox 2260 4075 2335 4144; x_wconf 82' lang='lat' dir='ltr'><strong>(il</strong></span> <span class='ocrx_word' id='word_1_235' title='bbox 2374 4093 2409 4149; x_wconf 87' lang='lat' dir='ltr'>y</span> <span class='ocrx_word' id='word_1_236' title='bbox 2440 4073 2574 4129; x_wconf 66' lang='lat' dir='ltr'><strong>(etait</strong></span> 
     </span>
    </p>
   </div>
   <div class='ocr_carea' id='block_1_6' title="bbox 441 4172 2569 4329">
    <p class='ocr_par' dir='ltr' id='par_1_8' title="bbox 441 4172 2569 4329">
     <span class='ocr_line' id='line_1_31' title="bbox 441 4172 2569 4252; baseline -0.006 -19"><span class='ocrx_word' id='word_1_237' title='bbox 441 4178 495 4235; x_wconf 84' lang='lat' dir='ltr'><strong>le</strong></span> <span class='ocrx_word' id='word_1_238' title='bbox 515 4179 623 4249; x_wconf 72' lang='lat'><strong>⁶29.)</strong></span> <span class='ocrx_word' id='word_1_239' title='bbox 643 4176 872 4252; x_wconf 68' lang='lat' dir='ltr'><strong>jusqu&#39;ii</strong></span> <span class='ocrx_word' id='word_1_240' title='bbox 896 4177 947 4234; x_wconf 81' lang='lat' dir='ltr'><strong>la</strong></span> <span class='ocrx_word' id='word_1_241' title='bbox 970 4177 1044 4233; x_wconf 78' lang='lat' dir='ltr'><strong>{in</strong></span> <span class='ocrx_word' id='word_1_242' title='bbox 1079 4176 1150 4233; x_wconf 90' lang='lat' dir='ltr'><strong>de</strong></span> <span class='ocrx_word' id='word_1_243' title='bbox 1176 4173 1484 4232; x_wconf 64' lang='lat' dir='ltr'><strong>decembre</strong></span> <span class='ocrx_word' id='word_1_244' title='bbox 1505 4177 1530 4228; x_wconf 86' lang='lat'><strong>1</strong></span> <span class='ocrx_word' id='word_1_245' title='bbox 1547 4175 1686 4230; x_wconf 67' lang='lat'>466.</span> <span class='ocrx_word' id='word_1_246' title='bbox 1722 4174 1971 4227; x_wconf 73' lang='lat' dir='ltr'><strong>Ordomz.</strong></span> <span class='ocrx_word' id='word_1_247' title='bbox 2001 4174 2098 4225; x_wconf 79' lang='lat' dir='ltr'><strong>des</strong></span> <span class='ocrx_word' id='word_1_248' title='bbox 2115 4173 2227 4224; x_wconf 79' lang='lat' dir='ltr'><strong>roc&#39;s</strong></span> <span class='ocrx_word' id='word_1_249' title='bbox 2247 4172 2317 4223; x_wconf 78' lang='lat' dir='ltr'><strong>de·</strong></span> <span class='ocrx_word' id='word_1_250' title='bbox 2336 4173 2569 4230; x_wconf 72' lang='lat' dir='ltr'><strong>From-e,</strong></span> 
     </span>
     <span class='ocr_line' id='line_1_32' title="bbox 445 4273 678 4329; baseline 0 -5"><span class='ocrx_word' id='word_1_251' title='bbox 445 4282 485 4326; x_wconf 86' lang='lat' dir='ltr'><strong>t.</strong></span> <span class='ocrx_word' id='word_1_252' title='bbox 527 4273 678 4329; x_wconf 80' lang='lat' dir='ltr'><strong>XVI.</strong></span> 
     </span>
    </p>
   </div>
  </div>
 </body>
</html>
