3400 5417
870 496 985 551 318
1717 493 2135 567 nomem,
2239 537 2246 541 -

857 622 1148 697 aliunde
1186 648 1404 721 quam
1440 649 1485 696 a
1520 648 1705 722 saepe
1740 624 1945 695 dictis
1979 626 2240 698 nostris
2270 625 2580 697 inimicis
2617 624 3006 699 adinventa

855 728 927 812 et
952 741 1187 814 afficta
1217 755 1370 814 erat
1391 742 1740 839 regiisque
1775 741 2070 814 auribus
2103 742 2462 815 instillata.
2502 742 2849 815 Scivimus
2873 768 3010 841 per

856 882 1235 955 germanos
1272 873 1581 947 nostrOS,
1621 858 1782 955 qui,
1821 874 1902 931 ut
1934 883 2160 958 supra,
2182 860 2582 949 retulimuS,
2620 883 2664 930 a
2693 860 3006 958 propriis

855 975 1085 1071 patria
1119 990 1191 1047 et
1223 973 1495 1045 laribus
1526 973 1820 1045 abducti
1853 973 2400 1047 asservabantur
2428 976 2768 1067 Turonis,
2803 976 3006 1072 quod

854 1090 1288 1161 inveteratus
1335 1091 1453 1161 ille
1501 1090 1862 1162 malorum
1904 1090 2186 1162 dierum
2206 1145 2225 1181 ,
2265 1092 2469 1189 impii
2520 1090 2794 1189 praefati
2835 1091 3010 1185 regii

856 1206 1169 1277 satellitis
1220 1231 1481 1304 parens
1534 1207 2030 1304 impiissimuS,
2083 1207 2489 1304 frequenter
2537 1206 2633 1279 ad
2669 1206 3013 1279 eumdem

857 1320 1087 1393 filium
1115 1348 1327 1394 suum
1355 1322 1690 1421 epistolas
1725 1320 2083 1395 scribebat
2113 1348 2200 1393 ex
2234 1322 2708 1413 Nox-mannia,
2746 1321 3012 1419 quibus

857 1463 1026 1509 eum
1068 1437 1508 1533 coarguebat
1544 1438 1635 1509 de
1686 1439 2003 1534 ignavia,
2045 1437 2374 1532 neglectu
2419 1452 2634 1535 atque
2684 1453 3007 1536 torpore,

857 1554 1199 1651 quodque
1230 1555 1467 1625 minus
1501 1554 1804 1649 vigilans
1849 1570 1921 1625 et
1956 1555 2271 1626 intentus
2302 1554 2482 1625 foret
2513 1554 2607 1626 ad
2646 1557 3012 1627 concitan-

857 1665 1028 1736 dam
1057 1666 1438 1737 adversum
1468 1692 1604 1738 nos
1635 1682 1850 1764 atque
1885 1666 2416 1739 incendendam
2457 1668 2646 1763 regis
2677 1668 3012 1763 indigna-

858 1783 1159 1877 tionem,
1209 1810 1367 1881 quae
1400 1785 1616 1856 unica
1659 1785 1777 1856 via
1817 1786 1918 1855 eis
1955 1799 2369 1882 opportuna
2415 1784 2598 1855 foret
2629 1784 2726 1856 ad
2759 1810 3012 1883 perve-

859 1898 1210 1969 niendum
1259 1899 1353 1971 ad
1414 1901 1788 1972 ecclesiam
1848 1914 2212 1993 nostram3
2273 1924 2492 1997 quam
2548 1914 2630 1971 ut
2683 1901 3016 1973 acerbius

860 2029 1073 2110 atque
1106 2014 1601 2087 vehementius
1633 2016 2146 2105 inflammaret,
2185 2013 2482 2086 deberet
2504 2016 2570 2086 ei
2598 2030 3018 2089 constanter

860 2140 1169 2202 aSserere
1221 2146 1291 2203 et
1342 2131 1750 2227 frequenter
1801 2134 1946 2205 suis
1995 2131 2355 2203 inculcare
2409 2131 2706 2203 auribus
2763 2132 3010 2229 quod,

861 2246 1214 2344 quidquid
1256 2248 1330 2317 in
1367 2274 1535 2319 eum
1580 2248 1812 2320 moliti
1857 2248 2152 2319 fuissent
2185 2247 2454 2344 praefati
2495 2247 2728 2319 Balue
2775 2249 3019 2320 cardi-

863 2364 1039 2435 nalis
1096 2379 1167 2435 et
1220 2366 1600 2462 episcopus
1655 2364 2173 2455 VirdunensiS,
2239 2363 2454 2435 nobis
2511 2364 3020 2435 inventoribus

860 2497 1075 2576 atque
1109 2480 1525 2552 auctoribus
1564 2494 1956 2553 emanarat.
1993 2481 2237 2551 Plures
2265 2482 2458 2550 enim
2493 2480 2668 2551 tales
2698 2480 2894 2551 illius
2924 2480 3016 2552 ad

861 2621 1072 2667 suum
1109 2596 1336 2666 filium
1383 2597 1798 2693 nequissimi
1843 2596 2063 2694 patris
2115 2594 2386 2692 praefati
2431 2596 2657 2665 nostri
2693 2596 3017 2690 germani

861 2712 1197 2783 viderunt
1230 2728 1301 2783 et
1335 2713 1654 2809 legerunt
1684 2713 2054 2811 epist.olaS,
2097 2735 2274 2807 quas
2307 2710 2400 2782 ad
2437 2736 2562 2783 eos
2601 2736 2789 2782 unus
2828 2713 3018 2807 ejus-

862 2826 1031 2899 dem
1062 2829 1264 2925 impii
1307 2829 1619 2900 satellitis
1663 2829 1964 2901 servitor
1997 2829 2218 2919 clam,
2274 2828 2604 2921 quotiens
2638 2829 3012 2925 potuisset,

864 2946 1342 3042 inspiciendas
1377 2945 1764 3018 deferebat.

960 3061 1246 3132 Talibus
1278 3063 1690 3152 calumniiS,
1745 3062 2004 3135 talibus
2048 3063 2231 3133 dolis
2282 3060 2676 3158 affictisque
2707 3086 2844 3159 pro
2878 3062 3016 3132 im-

862 3180 1151 3275 piorum
1196 3179 1578 3250 hominum
1631 3180 2139 3251 nefandissima
2183 3177 2550 3250 voluntate
2594 3178 3018 3249 criminibus

866 3297 1097 3391 regius
1134 3296 1206 3365 in
1248 3320 1381 3365 nos
1416 3296 1613 3365 furor
1647 3295 2168 3388 concitabatur,
2207 3295 2675 3390 absentesque
2709 3310 2778 3365 et
2806 3320 3016 3392 pror-

865 3437 983 3480 sus
1014 3410 1513 3507 hujuscemodi
1559 3412 2014 3481 molitionum
2049 3413 2276 3506 ignari
2322 3426 2536 3507 atque
2578 3410 2783 3481 inscii
2819 3410 3014 3483 dese-

870 3528 1203 3599 rebamur
1237 3530 1595 3599 insontes.
1636 3532 1816 3598 Nam
1843 3528 2041 3624 quod
2075 3528 2167 3599 ad
2194 3527 2575 3598 diluendas
2604 3527 2781 3597 tales
2816 3552 3016 3598 men-

868 3645 1275 3716 dosissimas
1330 3645 1862 3715 criminationes
1918 3645 2129 3715 nobis
2181 3641 2706 3739 elaborandum
2755 3645 2844 3715 sit
2902 3646 3012 3716 vel

871 3762 1111 3853 suerit,
1152 3786 1277 3830 seu
1327 3761 1519 3857 apud
1554 3760 1924 3857 praefatum
1971 3761 2523 3831 illustrissimum
2557 3760 3013 3855 Burgundio·

872 3903 1046 3947 num
1081 3876 1365 3965 ducem,
1400 3902 1524 3946 seu
1558 3876 1750 3973 apud
1780 3876 1990 3947 boum
2025 3878 2386 3948 memoriae
2421 3876 2682 3948 ducem
2721 3880 3014 3973 Aquita-

872 3995 1003 4063 nia*
1060 4008 1173 4063 aut
1230 3993 1447 4062 alium
1515 3993 1962 4089 qnempiam,
2028 3994 2324 4063 ‘minime
2375 4018 2560 4089 opus
2624 3993 2832 4063 fuisse
2887 4009 3010 4063 aut

869 4112 1193 4181 exsistere
1220 4125 1488 4180 norunt
1516 4126 1583 4180 et
1617 4109 2014 4180 firmissime
2041 4110 2344 4182 credunt
2365 4135 2619 4181 omnes
2639 4110 2775 4180 viri
2799 4109 3006 4197 boni,

871 4226 1107 4320 quide
1136 4225 1344 4297 nobis
1376 4228 1863 4323 praeteritaque
1894 4227 2040 4299 vita
2063 4242 2276 4324 atque
2300 4227 2744 4299 institutione
2772 4241 3014 4298 nostra
