3400 5417
981 507 1202 562 mmm
1239 506 1622 563 SEPTIMUS.
2250 510 2367 568 145

157 705 162 712 .
245 649 634 728 servarant,
685 635 864 708 illud
899 660 944 707 a
983 651 1307 735 tempore
1355 637 1745 713 inchoatae¹
1782 621 2149 708 seditionis
2194 663 2367 710 con-

245 765 720 849 sumpserant,
759 751 976 825 etiam
1007 767 1314 849 egestate
1331 750 1813 825 ‘'laborabant.
1859 752 2067 823 Unde
2109 755 2367 826 morie-

245 865 494 937 bantur
516 866 752 956 multi,
780 879 852 937 et
878 881 1029 938 erat
1055 865 1325 963 ubique
1347 866 1913 940 mendicantium
1948 867 2367 940 miserabilis

244 983 530 1078 ejulatus
566 996 639 1054 et
676 983 1001 1078 gemitus.

335 1098 465 1169 lllis
495 1098 793 1196 quidem
822 1099 1107 1171 duobus
1133 1101 1342 1172 annis
1367 1155 1385 1190 ,
1430 1099 1694 1196 quibus
1726 1099 1847 1172 illa
1876 1099 2130 1171 seditio
2168 1099 2366 1171 effer-

245 1213 390 1285 buit
419 1230 490 1287 et
531 1214 820 1288 duravit
839 1269 860 1306 ‚
912 1231 1065 1289 erat
1096 1215 1366 1313 ubique
1413 1241 1614 1315 paene
1644 1241 1775 1313 per
1805 1216 2049 1288 Galliae
2089 1233 2156 1288 et
2186 1221 2364 1290 Ger·

245 1331 482 1402 maniae
517 1344 746 1403 terras
789 1331 1115 1403 sterilitas
1156 1347 1229 1403 et
1271 1333 1545 1403 caristia
1606 1357 1867 1426 magna
1907 1332 2320 1404 victualium
2341 1386 2361 1423 ,

245 1447 330 1518 ita
361 1461 439 1518 ut
468 1472 676 1544 paene
715 1445 985 1544 ubique
1007 1501 1029 1538 ‚
1072 1449 1288 1519 etiam
1321 1473 1449 1546 per
1480 1447 1745 1519 Gallias
1772 1501 1790 1537 ‚
1828 1462 2027 1545 peste
2058 1473 2141 1517 ex
2182 1447 2367 1520 same

243 1575 594 1635 contracta
621 1616 639 1652 ‚
680 1564 972 1660 plurimi
1004 1578 1479 1635 morerentur.
1530 1562 1668 1634 Sed
1699 1563 1996 1659 Trajecti
2041 1563 2193 1635 hoec
2244 1589 2368 1636 ca-

243 1677 502 1750 lamitas
534 1680 1064 1775 geminabatur,
1103 1705 1272 1751 cum
1305 1704 1390 1751 ex
1426 1680 1609 1774 agris
1635 1680 1816 1768 suiS‚
1855 1680 1980 1775 qui
2015 1679 2263 1750 inculti
2297 1695 2368 1752 et

242 1795 540 1867 sentibus
575 1794 794 1867 obsiti
813 1794 1150 1892 jacebant
1176 1849 1194 1883 ‚
1238 1794 1414 1865 nihil
1444 1819 1735 1891 prorsus
1767 1795 2254 1893 perciperent,
2297 1810 2369 1867 et

247 1912 433 1982 tertio
455 1914 478 1950 ²
535 1910 840 1982 denario
902 1926 1024 1982 aut
1092 1913 1306 1983 etiam
1373 1909 1751 1982 medietate
1810 1925 2071 1983 cuncta
2131 1912 2367 1983 carius

242 2050 462 2098 emere
499 2052 791 2099 necesse
829 2026 1217 2113 haberent,
1262 2050 1480 2121 quam
1511 2025 1585 2095 in
1621 2028 1722 2096 eis
1760 2027 1939 2098 locis
1970 2028 2366 2099 venderen-

245 2155 345 2210 tur
377 2142 566 2214 unde
611 2167 698 2214 ea
744 2142 1004 2214 advehi
1050 2142 1143 2214 ad
1186 2167 1310 2214 eos
1356 2141 1759 2238 oportebat.
1801 2143 1941 2212 Sed
1988 2157 2059 2214 et
2107 2143 2367 2215 nihilo-

243 2260 458 2330 minus
489 2260 638 2330 illic
679 2260 875 2331 unde
915 2258 1458 2331 advehebantur
1501 2258 1684 2329 ultra
1728 2259 2053 2350 solitum,
2120 2284 2367 2355 quem-

242 2375 622 2447 admodum
681 2391 752 2446 et
803 2377 876 2447 in
925 2377 1127 2447 omni
1171 2376 1360 2447 circa
1396 2375 1727 2470 regione,
1777 2377 2057 2447 caristia
2109 2401 2367 2472 magna

243 2489 642 2563 victualium
675 2508 850 2563 erat.

329 2609 555 2692 Quam
589 2608 1066 2679 miserabilem
1100 2606 1576 2679 calamitatem
1610 2606 1908 2703 quidam
1934 2633 2015 2678 ex
2046 2607 2359 2702 civibus,

241 2722 350 2814 qui
381 2724 747 2796 validioris
778 2725 999 2796 animi
1055 2738 1269 2819 atque
1305 2722 1618 2795 audaciae
1651 2738 1892 2814 erant,
1945 2724 2131 2795 ultra
2185 2725 2364 2796 serre

240 2862 373 2908 non
425 2842 776 2929 valenteS‚
831 2842 1016 2912 inter
1077 2865 1150 2909 se
1202 2840 1411 2937 pauci
1470 2853 1643 2910 tunc
1691 2839 2023 2909 dixerunt
2087 2858 2361 2913 secreto

241 2957 420 3048 quod
447 3011 464 3045 ‚
503 2959 564 3029 si
605 2958 849 3054 aliquo
885 2957 999 3027 die
1053 2954 1320 3025 rutheri
1373 2956 1732 3026 civitatem
1769 2957 2043 3026 exirent
2067 3014 2083 3047 ‚
2128 2958 2183 3028 si
2218 2982 2362 3053 qua

240 3070 340 3141 via
366 3086 697 3167 possent,
738 3097 782 3143 a
809 3072 954 3143 suis
987 3069 1384 3142 cervicibus
1417 3071 1871 3165 tyrannicum
1901 3071 2076 3141 illud
2107 3074 2359 3169 jugum

241 3201 637 3260 excuterent
678 3204 749 3259 et
802 3213 951 3259 sese
999 3212 1081 3258 ac
1139 3188 1493 3257 civitatem
1550 3187 1620 3255 in
1680 3185 2082 3257 libertatem
2134 3189 2363 3260 vindi·

239 3319 487 3374 carent.
525 3303 1016 3401 Explorabant
1051 3304 1286 3399 itaque
1335 3317 1405 3372 et
1452 3302 1660 3372 tacite
1699 3301 2257 3398 opperiebantur
2304 3306 2361 3376 si

239 3420 514 3514 quando
547 3421 735 3492 hora
778 3434 1191 3519 opportuna
1224 3444 1297 3488 se
1337 3417 1663 3504 offerret,
1717 3442 1859 3512 qua
1906 3420 2014 3488 sui
2063 3419 2245 3489 inter
2288 3447 2361 3491 se

239 3537 460 3632 placiti
491 3556 564 3611 et
599 3540 914 3611 condicti
949 3538 1480 3609 exsecutionem
1513 3533 1854 3633 perficere
1891 3552 2202 3633 possent.

325 3657 638 3750 Contigit
672 3671 912 3727 autem
944 3670 1023 3726 ut
1060 3655 1174 3724 die
1211 3653 1474 3725 mensis
1515 3652 1755 3749 aprilis
1792 3677 1951 3739 xxi,
1997 3668 2159 3749 post
2202 3679 2361 3750 pas-

235 3766 360 3839 cha
423 3794 622 3842 anno
689 3771 981 3842 Domini
1049 3792 1532 3841 11ccccnxxx111
1564 3823 1581 3856 ‚
1668 3767 1950 3861 tyranni
2006 3768 2303 3838 civitatis
2338 3825 2357 3860 ‚

235 3883 513 3958 absente
551 3903 724 3958 tunc
756 3888 952 3959 idolo
989 3913 1146 3970 suo,
1179 3884 1562 3957 domicello
1594 3882 2077 3976 Enghelberto
2102 3883 2191 3954 de
2230 3886 2365 3954 Cli-

237 4002 363 4094 vis,
404 4006 529 4098 qui
570 4005 669 4075 ob
716 4003 1066 4075 nonnulla
1111 4027 1236 4073 sua
1277 4001 1558 4097 negotia
1591 4026 1634 4070 a
1673 4000 1952 4072 civitate
1988 4026 2061 4071 se
2104 4001 2360 4072 absen-

313 4173 364 4226 1.
409 4175 517 4230 Ms.
554 4175 870 4230 inchoante.
905 4171 1204 4229 Matthaeus
1236 4171 1566 4228 inchoantis.

307 4263 363 4316 2.
409 4265 710 4322 Mattliaeus
741 4266 1044 4340 trigesimo.

428 4376 501 4412 111
2009 4362 2028 4413 1
2047 4361 2079 4410 0
