3400 5417
897 519 1016 577 m
1458 513 1979 578 msronmtm
2018 495 2377 574 Lunovxcr
2416 515 2503 572 11

897 651 1108 724 dacta
1133 708 1154 744 ,
1217 649 1694 723 accersierunt
1736 648 1975 720 statim
2015 646 2517 745 hujuscemodi
2561 645 2787 744 iniqui
2822 664 3025 722 suum

903 766 1459 864 Enghelbertum
1489 819 1507 855 ,
1549 764 2015 836 domicellum
2057 764 2495 853 Clivensem3
2540 765 2691 862 ipse
2732 763 2921 836 enim
2953 767 3026 838 in

901 879 1379 954 Amersfordia
1407 881 1845 954 constiterat.
1880 879 2024 967 Qui
2052 879 2289 952 statim
2310 878 2404 953 a'd
2432 879 2791 953 civitatem
2820 879 3029 953 veluti

896 999 990 1070 ad
1045 998 1464 1096 acquisitam
1526 995 1844 1096 praedam
1900 997 2232 1069 accurrit.
2290 995 2629 1068 Exierunt
2675 1005 2913 1068 autem
2960 1007 3031 1069 et

897 1138 1046 1185 sese
1097 1135 1225 1212 per
1279 1110 1548 1186 moenia
1589 1106 2071 1205 demiserunt,
2112 1111 2238 1207 qui
2278 1108 2372 1183 ad
2408 1109 2763 1211 stipendia
2811 1113 3035 1211 ponti-

898 1227 1049 1301 ficis
1100 1230 1172 1301 in
1241 1229 1520 1302 civitate
1567 1243 1814 1318 erant,
1868 1252 2034 1300 cum
2084 1225 2409 1324 pluribus
2457 1251 2546 1299 ex
2592 1227 2873 1300 civibus
2913 1229 3033 1325 qui

896 1344 1195 1417 studiosi
1245 1347 1554 1445 partium
1598 1344 1921 1442 ejusdem
1968 1341 2327 1442 pontificis
2376 1343 2755 1440 eidemque
2797 1343 3033 1416 fideles

896 1463 1304 1534 exstiterant
1323 1517 1342 1552 ,
1381 1457 1485 1551 et,
1527 1475 1692 1560 post
1722 1473 2219 1559 recuperatam
2260 1485 2389 1557 per
2425 1484 2592 1532 eum
2626 1462 2983 1533 civitatem
3010 1515 3029 1549 ,

897 1578 1227 1651 eamdem
1279 1579 1572 1674 ingressi
1609 1578 1914 1649 fuerant.
1970 1577 2113 1665 Qui
2160 1601 2332 1647 vero
2382 1577 2507 1648 tali
2547 1577 2715 1672 fuga
2744 1575 3035 1648 minime

897 1696 1112 1766 tutari
1141 1721 1215 1767 se
1243 1708 1630 1794 potuerunt
1657 1709 1728 1765 et
1762 1694 2159 1791 periculum
2184 1693 2456 1764 instans
2480 1693 2817 1788 effugere,
2846 1699 3038 1766 scr'u-

899 1811 1026 1883 tati
1063 1821 1228 1883 sunt
1278 1833 1407 1910 per
1454 1811 1858 1903 civitatem,
1892 1825 1963 1882 et
2004 1810 2128 1907 qui
2166 1808 2257 1880 de
2291 1809 2393 1881 eis
2436 1809 2743 1881 inveniri
2794 1821 3041 1908 potue·

900 1940 1093 2019 runt,
1134 1925 1329 1998 fuere
1368 1929 1441 1999 in
1470 1950 1828 1998 carcerem
1866 1924 2161 2018 detrusi,
2198 1940 2270 1996 et
2302 1924 2394 1996 ad
2426 1916 2513 1997 se'
2538 1920 3039 1998 redimendum

901 2044 1310 2139 pecuniam,
1350 2055 1701 2140 quantum
1734 2066 1944 2141 posse
1981 2065 2105 2113 eos
2131 2042 2495 2113 exsolvere
2531 2039 3035 2133 arbitrabatur,

902 2160 1254 2258 compulsi
1318 2173 1389 2231 et
1460 2161 1875 2232 necessitate
1938 2158 2199 2231 adacti.
2259 2157 2603 2229 Nonnulli
2662 2172 2907 2230 tamen
2957 2181 3035 2228 ex

901 2274 1471 2369 honestioribus,
1524 2292 1597 2347 et
1646 2274 2026 2348 adversum
2085 2298 2271 2372 quos
2314 2299 2465 2345 non
2511 2287 2663 2346 tam
2700 2274 3041 2346 acerbum

905 2390 1154 2462 odium
1206 2393 1636 2465 efferbuerat
1664 2447 1682 2483 ,
1736 2393 2024 2464 fuerunt
2081 2393 2153 2463 in
2204 2393 2515 2490 propriis
2554 2392 2899 2465 domibus
2938 2417 3043 2465 re-

903 2507 1089 2598 licti,
1160 2510 1540 2581 interdicto
1593 2511 1693 2581 eis
1744 2509 1876 2579 sub
1925 2511 2085 2582 vitae
2124 2535 2265 2580 suae
2317 2511 2643 2608 periculo
2713 2536 2805 2582 ne
2878 2501 3042 2583 inde

906 2625 1094 2696 exire
1133 2641 1664 2723 praesumerent.
1709 2626 1914 2722 Capti
1948 2627 2163 2697 etiam
2214 2641 2284 2698 et
2326 2628 2714 2725 mancipati
2760 2627 3044 2699 fuerunt

907 2763 1157 2812 omnes
1206 2741 1428 2811 ferme
1469 2739 1559 2812 de
1601 2739 1824 2811 domo
1872 2755 1943 2810 et
1989 2741 2255 2814 familia
2303 2740 2697 2840 pontificis,
2738 2741 3043 2842 demptis

905 2854 1015 2925 his
1053 2856 1177 2950 qui
1206 2855 1390 2925 clam
1424 2854 1611 2926 elabi
1643 2870 2059 2952 potuerunt.

1003 2973 1279 3040 Domus
1327 2971 1538 3041 etiam
1594 2971 1962 3041 nonnullae
2022 2971 2362 3060 effractae,
2427 2972 2659 3069 pilatae
2710 2972 3036 3068 fuerunt3

909 3107 1055 3154 non
1111 3100 1353 3156 tamen
1407 3099 1547 3174 tot,
1595 3100 1775 3183 quot
1812 3087 2064 3184 sapius
2105 3087 2316 3184 diripi
2358 3102 2430 3158 et
2478 3089 2767 3186 spoliari
2820 3091 3039 3163 visum

907 3201 1116 3272 estin
1150 3201 1410 3274 talibus
1447 3202 1815 3273 civitatum
1859 3201 1973 3272 vel
2015 3203 2451 3300 oppidorum
2494 3205 3037 3301 irruptionibuS,

908 3317 982 3387 in
1021 3342 1326 3414 quarum
1359 3321 1600 3391 multis
1643 3345 1776 3390 nec
1811 3318 2264 3416 corporibus,
2308 3346 2543 3417 neque
2580 3320 2797 3393 bonis
2839 3323 3042 3394 fuisse

908 3436 1261 3530 parcitum
1301 3437 1737 3530 frequentius
1771 3450 2223 3532 compertum
2257 3450 2384 3508 est.
2420 3437 2654 3520 Unde,
2688 3452 2767 3509 ut
2796 3463 3041 3510 verum

910 3548 1284 3642 fateamur,
1319 3553 1626 3648 pensatis
1662 3577 1902 3622 rerum
1946 3553 2495 3624 circumstantiis
2520 3609 2537 3644 ,
2576 3552 2653 3622 hi
2695 3555 2823 3648 qui
2860 3553 3040 3626 hanc

910 3667 1381 3764 irruptionem
1421 3670 1761 3759 fecerunt,
1813 3667 2182 3764 civili[ter]
2216 3670 2510 3740 victoria
2543 3694 2625 3740 ac
2670 3667 2874 3741 valde
2900 3667 3043 3741 ‘cle-

913 3799 1186 3855 menter
1214 3787 1318 3855 usi
1355 3786 1561 3854 fuisse
1593 3786 1953 3856 videntur.
1994 3790 2152 3855 Non
2189 3788 2379 3855 enim
2419 3787 2855 3880 sanguinarii
2894 3787 3045 3858 fue-

912 3915 1122 3990 runt,
1161 3915 1238 3970 ut
1271 3901 1364 3972 ad
1423 3902 1646 3971 caedes
1700 3926 1967 3998 usque,
2016 3927 2267 3972 eorum
2314 3903 2699 3999 praesertim
2746 3929 2931 3999 quos
2971 3929 3045 3974 se

912 4041 1166 4087 exosos
1223 4018 1528 4088 maxime
1571 4016 1903 4090 habuisse
1937 4017 2296 4109 sciebant,
2351 4019 2851 4115 procederent,
2897 4022 3041 4091 imo

913 4159 1044 4204 nec
1083 4135 1172 4204 ad
1215 4135 1638 4224 domorum,
1677 4137 1810 4205 nisi
1844 4159 2238 4232 paucarum
2266 4189 2284 4223 ,
2320 4135 2795 4232 direptionem
2826 4163 2841 4206 :
2877 4161 3041 4207 cum

917 4267 1153 4321 tamen
1197 4251 1353 4346 jure
1391 4250 1560 4321 belli
1609 4253 1845 4348 plures
1888 4251 2297 4323 mortalium
2343 4251 2749 4324 universam
2786 4251 3040 4322 civita-
