3400 5417
999 483 1222 574 mm
1261 516 1563 574 ramus
2234 513 2353 572 28⁹

243 647 600 742 steterat),'
628 661 993 720 commota
1040 647 1188 721 bile
1245 648 1675 744 choleraque
1728 647 2188 719 vehementer
2231 672 2349 720 ac·

245 784 438 832 censa
459 817 478 852 ,
522 760 712 834 illico
747 763 1081 835 nuntium
1115 777 1186 834 et
1233 765 1607 861 epistolam
1651 763 2030 834 destinavit
2059 762 2153 835 ad
2188 787 2352 836 can-

243 878 586 949 cellarium
604 903 839 971 suum,
864 905 993 977 per
1009 903 1226 976 quam
1243 906 1408 953 eum
1426 882 1915 953 vehementius
1925 905 2347 977 coarguenS,

246 994 525 1085 graviter
548 994 966 1093 increpabat
990 1021 1121 1067 cur
1157 1022 1290 1068 nos
1311 997 1613 1068 Turonis
1644 1021 1889 1068 secum
1914 995 2348 1084 adduxisset,

244 1123 307 1178 et
335 1135 476 1180 non
511 1111 749 1206 potius
781 1136 864 1181 ex
911 1112 1258 1202 Biturica,
1319 1111 1936 1207 quemadmodum
1992 1137 2065 1182 se
2118 1109 2352 1181 eidem

246 1225 604 1321 imperasse
649 1225 885 1298 aiebat
916 1282 935 1319 ,
981 1252 1114 1298 nos
1161 1228 1624 1327 expedivisset
1656 1243 1730 1299 et
1760 1227 1853 1300 ad
1899 1227 2355 1326 proficiscen-

243 1339 404 1411 dum
463 1344 918 1440 compulisset
970 1369 986 1412 :
1036 1343 1388 1416 mandans
1441 1345 1508 1415 ei
1565 1344 1949 1416 districtius
2006 1358 2358 1440 quatenus

245 1454 473 1544 nobiS,
520 1456 796 1552 absque
830 1459 1168 1530 ulteriore
1201 1459 1577 1552 dilatione,
1616 1475 2052 1558 praeceptum
2098 1460 2360 1532 faceret

245 1585 314 1640 ut
352 1571 535 1643 illico
569 1573 663 1646 ad
694 1573 1131 1645 destinatum
1165 1574 1377 1646 nobis
1415 1574 1610 1674 apud
1646 1576 2159 1674 perpinianum
2190 1576 2364 1647 exsi-

242 1689 404 1762 lium
434 1715 890 1790 pergeremus
913 1747 932 1784 ,
973 1706 1185 1788 atque
1230 1692 1391 1785 illo,
1434 1706 1711 1787 quanto
1744 1692 2092 1765 maturius
2124 1714 2365 1788 posse-

247 1831 426 1899 muS,
467 1807 950 1879 tenderemus,

333 1926 561 2008 Quam
608 1924 984 2021 epistolam
1025 1949 1195 1995 cum
1234 1950 1437 2021 paene
1487 1949 1573 1996 ea
1619 1924 1842 2018 hora,
1885 1949 2029 2019 qua
2062 1924 2365 1994 Turonis

243 2039 832 2135 applicueramus,
868 2041 1331 2111 cancellarius
1355 2042 1504 2138 ipse
1541 2043 1941 2139 recepisset,
1981 2055 2050 2111 et
2083 2041 2319 2112 statim
2342 2094 2361 2131 ,

245 2155 334 2224 uti
364 2179 490 2252 par
512 2169 690 2246 erat,
727 2170 1108 2252 postquam
1137 2155 1227 2227 de
1261 2157 1457 2229 mula
1488 2157 2114 2248 descenderamUS,
2147 2158 2366 2254 ipsius

245 2275 578 2346 salutandi
623 2277 847 2370 gratia
877 2275 1183 2347 domum
1219 2279 1369 2372 ejus
1403 2279 1885 2369 intrassemus,
1926 2277 2139 2348 nobis
2173 2276 2368 2347 exhi-

243 2388 386 2461 buit
415 2406 483 2461 et
516 2390 865 2482 ostendit,
920 2392 1240 2488 profecto
1279 2418 1351 2462 se
1386 2417 1429 2463 a
1463 2394 1795 2487 lacrymis
1842 2394 2138 2463 minime
2191 2417 2368 2462 con-

245 2509 449 2580 tinere
481 2510 753 2599 valeuS,
789 2534 965 2606 quas
991 2535 1071 2579 ex
1099 2511 1252 2605 ejus
1276 2511 1501 2580 oculis
1525 2509 1839 2580 defluere
1871 2511 2003 2606 ipsi
2025 2510 2361 2579 vidimus.

244 2624 502 2696 Sciebat
557 2626 753 2696 enim
811 2640 882 2695 et
920 2625 1116 2718 longi
1161 2625 1503 2722 temporis
1548 2625 1985 2721 experientia
2022 2624 2371 2696 didicerat

244 2765 442 2834 quam
467 2743 822 2812 sincerum
851 2743 1080 2812 zelum
1116 2741 1210 2814 ad
1243 2767 1392 2811 rem
1413 2740 1778 2839 publicam
1813 2756 1881 2812 et
1908 2742 2188 2837 justitia*
2222 2740 2369 2812 cul-

247 2869 380 2927 tum
432 2857 904 2945 haberemus;
953 2858 1155 2952 cujus
1209 2883 1342 2927 nec
1391 2872 1803 2928 nostrorum
1856 2872 2151 2955 perante
2190 2882 2367 2953 qua·

243 2969 714 3068 liumcumque
762 2975 836 3043 in
887 2999 1039 3044 rem
1092 2971 1455 3070 publicam
1512 2975 1968 3061 meritorum,
2038 2998 2170 3043 nec
2234 2975 2371 3043 vir-

245 3089 396 3158 tutis
436 3115 559 3161 seu
603 3090 965 3184 dignitatis
1003 3103 1401 3185 respectum
1445 3088 1809 3160 observari
1852 3089 2178 3177 videbat,
2241 3088 2366 3158 sed

247 3227 364 3272 nec
397 3205 909 3301 promissarum
935 3206 1008 3274 in
1042 3206 1188 3275 vim
1220 3205 1468 3299 regalis
1497 3203 1712 3272 edicti
1746 3204 2201 3273 securitatum
2238 3229 2364 3298 pu-

243 3316 650 3391 blicatarum
692 3321 910 3391 fidem
950 3321 1249 3391 attendi.
1303 3325 1526 3390 Porro
1580 3344 1747 3389 cum
1790 3320 2013 3415 ipsam
2063 3319 2361 3415 praedic-

243 3447 374 3504 tam
412 3438 594 3531 regis
629 3437 1001 3533 epistolam
1042 3437 1280 3506 surore
1333 3436 1575 3531 utique
1628 3450 1698 3504 et
1746 3434 2035 3505 cholera
2068 3436 2357 3530 plenam

241 3547 673 3644 legissemus,
720 3551 1201 3646 eumdemque
1245 3552 1601 3648 optimum
1643 3549 2147 3621 cancellarium
2200 3550 2359 3619 scis-

239 3667 606 3740 citaremur
649 3669 706 3738 si
745 3694 835 3738 ne
876 3669 1114 3739 adhuc
1157 3668 1603 3764 interpellare
1650 3693 1887 3762 regem
1938 3666 2359 3737 deberemus

239 3809 360 3879 pro
395 3786 895 3857 constituenda
934 3785 1180 3877 nobis,
1229 3785 1846 3880 quemadmodum
1900 3785 2121 3855 l'uerat
2159 3783 2361 3882 polli-

238 3900 436 3994 citus,
475 3904 865 4001 pensione,
907 3903 1207 3972 omnino
1258 3901 1331 3970 id
1379 3927 1511 3972 nos
1563 3902 1793 3972 facere
1838 3901 2205 3990 dissuasit,
2255 3900 2361 3969 in·

239 4019 500 4110 quiens,
538 4021 593 4090 si
618 4020 800 4090 ultra
824 4019 1177 4117 proficisci
1197 4017 1667 4108 differremus,
1698 4042 2044 4112 magnum
2063 4017 2352 4088 exitium

239 4134 722 4224 verisimiliter,
776 4148 1043 4204 attenta
1079 4134 1392 4230 epistola*
1433 4135 1635 4227 regim
1670 4134 2088 4224 acerbitate,
2148 4128 2356 4201 nobis

240 4269 430 4340 posse
484 4251 915 4347 importare3
959 4249 1349 4322 consultius
1384 4275 1552 4321 vero
1604 4250 1793 4340 fore,
1838 4265 1907 4320 et
1959 4249 2155 4346 quod
2217 4247 2370 4342 ipse

425 4387 496 4424 111
1963 4371 2035 4422 19

3320 737 3329 818 -.-
3321 613 3329 684 ,ψ
3324 535 3328 552 .-

3326 1443 3333 1700 --.-.-.-
3326 1219 3333 1408 --,.,--
