3400 5417
1019 489 1239 546 LIBER
1279 487 1660 546 SEPTIMUS.
2290 493 2317 546 1
2334 493 2408 546 63

293 637 472 694 tutus
505 622 816 695 libertati
852 637 1070 721 atque
1101 625 1540 715 auctoritati,
1578 625 1979 719 Trajectum
2020 624 2112 696 ad
2145 622 2408 721 princi-

291 763 448 836 pem
481 741 703 831 venit,
741 754 957 836 atque
990 765 1154 812 cum
1195 741 1523 813 omnium
1562 739 1929 812 bonorum
1962 740 2308 838 applausu
2343 755 2415 811 et

291 879 446 926 cum
474 856 746 951 ingenti
784 857 1023 929 laetitia
1055 873 1382 955 receptus
1419 873 1763 955 tanquam
1793 857 2135 930 dominus
2171 857 2324 927 suit.

381 976 695 1044 Durante
719 987 960 1044 autem
980 973 1386 1067 obsidione,
1411 975 1681 1046 volavit
1705 998 1952 1044 rumor
1976 973 2142 1044 satis
2166 972 2417 1067 ingens

293 1086 475 1183 quod
505 1088 657 1159 dux
692 1089 1033 1160 Clivensis
1069 1092 1458 1162 exercitum
1493 1091 1888 1190 adparabat
1921 1103 1991 1162 et
2022 1114 2419 1186 congrega-

289 1203 406 1276 bat
449 1219 526 1276 ut
558 1205 1122 1301 Trajectensibus
1162 1206 1490 1299 obsessiS,
1533 1208 1734 1302 juxta
1775 1207 1972 1304 quod
2012 1208 2420 1305 promisisse

294 1319 662 1414 ferebatur,
701 1347 1076 1395 succursus
1102 1322 1448 1422 praeberet
1478 1323 1755 1395 solatia.
1792 1323 1931 1394 Sed
1958 1349 2126 1394 cum
2160 1324 2422 1396 coactis

291 1437 504 1535 copiis
537 1463 716 1535 quas
751 1439 1147 1511 adsciscere
1177 1454 1483 1538 poterat,
1523 1466 1598 1511 se
1632 1441 1845 1511 nimis
1875 1464 2179 1511 numero
2215 1453 2287 1510 et
2316 1440 2423 1510 vi-

290 1552 475 1625 ribus
505 1554 782 1626 videret
805 1555 1246 1648 inferiorem,
1275 1555 1476 1628 domi
1501 1556 1838 1649 substitit,
1871 1581 2005 1628 nec
2035 1556 2223 1627 ultro
2256 1580 2423 1654 pro-

292 1673 476 1767 gredi
509 1697 729 1746 ausus
766 1673 920 1744 suit.
1051 1758 1058 1768 ,

380 1793 637 1862 Mansit
684 1807 928 1864 autem
969 1792 1266 1888 Trajecti
1321 1791 1463 1863 dux
1517 1793 1666 1890 ipse
1722 1793 2240 1864 Maximilianus
2276 1794 2427 1866 dies

291 1907 544 1979 multos
599 1933 767 1980 cum
819 1909 964 1980 suis
1012 1908 1383 1980 militibus.
1436 1911 1577 1996 Qui
1613 1934 1782 1980 cum
1816 1910 2277 1984 innumerosa
2316 1937 2425 1984 es-

290 2039 437 2094 sent
472 2025 934 2097 multitudine
982 2041 1054 2098 et
1083 2026 1444 2098 variarum
1486 2027 1893 2121 linguarum
1937 2042 2150 2124 atque
2204 2031 2428 2100 natio-

293 2165 481 2232 num,
515 2142 636 2214 alii
669 2142 882 2230 Galli,
916 2139 1036 2214 alii
1071 2142 1390 2240 Hispani,
1427 2143 1544 2213 alii
1578 2143 1975 2235 Teutonici,
2013 2143 2131 2214 alii
2163 2160 2233 2215 et
2260 2171 2425 2242 pars

293 2281 538 2354 magna
591 2259 682 2329 de
727 2258 1062 2331 inferiore
1106 2259 1557 2347 Alemannia,
1603 2259 1890 2330 difficile
1925 2258 2244 2331 cohiberi
2282 2287 2424 2359 po—

290 2389 575 2447 tuerunt
639 2401 728 2447 ne
788 2378 1148 2449 civitatem
1208 2378 1597 2474 diriperent
1661 2401 1745 2447 ac
1812 2377 2223 2474 spoliarent.
2289 2378 2428 2449 Sed

290 2509 635 2587 quantum
689 2493 916 2564 facere
974 2494 1209 2590 potuit
1263 2493 1410 2589 ipse
1457 2492 2013 2563 humanissimus
2054 2494 2421 2591 princepS,

292 2635 374 2680 ne
407 2611 477 2680 id
514 2610 720 2681 lieret
755 2610 1051 2696 obstitit,
1095 2635 1342 2680 curam
1387 2608 1664 2679 habens
1706 2623 1777 2679 et
1812 2635 2107 2680 omnem
2155 2611 2245 2680 ad
2283 2611 2427 2681 hoc

290 2722 638 2794 adhibens
672 2723 1228 2793 sollicitudinem
1273 2735 1350 2792 ut
1383 2720 1472 2790 de
1506 2719 1864 2817 stipendio
1906 2723 2295 2792 constituto
2327 2725 2427 2793 eis

283 2837 752 2933 satisfaceret,
798 2839 895 2910 ob
935 2841 1136 2936 cujus
1168 2838 1544 2910 solutionis
1578 2837 1939 2907 desectum
1969 2836 2103 2907 sibi
2140 2838 2212 2907 in
2256 2865 2429 2935 prai-

291 2957 449 3029 dam
485 2958 757 3030 debere
793 2957 1108 3056 permitti
1156 2956 1515 3028 civitatem
1571 2953 2072 3025 causabantur.
2119 2959 2278 3024 Non
2328 2971 2430 3028 ta-

291 3100 445 3146 men
471 3077 661 3147 adeo
688 3101 913 3172 usque
938 3074 1289 3144 contineri
1314 3087 1727 3168 potuerunt,
1762 3073 1933 3168 quin
1967 3072 2427 3168 particulares

291 3194 551 3286 praedas
600 3210 670 3265 et
718 3194 1001 3291 rapinas
1052 3205 1342 3286 agerent
1385 3204 1597 3285 atque
1633 3190 1898 3258 damna
1940 3189 2012 3256 in
2054 3190 2428 3284 quamplu-

293 3309 477 3382 ribus
529 3311 808 3382 aedibus
861 3311 1280 3402 irrogarent.
1344 3311 1421 3376 In
1485 3307 1725 3375 multis
1775 3329 2031 3400 nempe
2089 3303 2427 3374 (lontibus

291 3427 459 3498 ostia
506 3453 596 3500 ac.
633 3429 994 3515 fenestraS,
1035 3424 1366 3495 detractis
1402 3421 1869 3508 ferramentis,
1920 3435 2309 3514 casstcraquc
2348 3422 2427 3490 li-

292 3567 462 3634 gnea
508 3544 906 3614 domorum
955 3545 1424 3611 instrumenta
1467 3536 2033 3625 comburebant,
2078 3561 2233 3625 nec,
2282 3561 2425 3633 prae

291 3659 768 3750 multitudine,
809 3661 898 3730 de
945 3659 1240 3753 hujusce
1270 3657 1541 3727 delictis
1577 3679 1803 3752 poena:
1838 3653 2019 3724 sumi
2063 3667 2418 3748 poterant.

291 3776 463 3845 Cum
493 3778 693 3847 enim
723 3775 813 3846 de
850 3773 1283 3870 quibusdam
1318 3799 1402 3842 ex
1431 3773 1621 3869 ipsiS,
1658 3772 1781 3866 qui
1817 3769 2095 3866 capitali
2129 3770 2425 3840 crimine

291 3893 749 3964 condemnati
789 3908 1024 3979 crant,
1083 3890 1512 3986 supplicium
1559 3886 1989 3957 sumendum
2026 3885 2240 3975 soret,
2279 3912 2425 3954 sese

287 4007 357 4076 in
396 4037 627 4082 unum
661 4035 916 4105 agmen
953 4031 1210 4101 magna
1241 4003 1731 4099 hujuscemodi
1776 4003 2186 4096 iniquorum
2220 4003 2428 4073 turba

291 4144 648 4222 cogentes,
689 4153 852 4198 reos
885 4125 1236 4222 supplicio
1286 4123 1630 4192 violenter
1665 4134 2081 4191 exemerunt
2129 4146 2143 4187 ε
2195 4121 2419 4214 quod,

291 4271 375 4314 ne
429 4245 716 4339 gravius
761 4243 1203 4336 contingeret
1265 4239 1719 4329 scandalum,
1780 4237 2085 4307 inultum
2142 4236 2422 4306 mansit.
