3400 5417
973 530 1090 588 248
1810 527 2189 587 nomeu
2212 570 2230 600 ‚

977 659 1270 757 quidem
1302 662 1662 733 succincto
1712 660 2058 759 brevique
2099 685 2432 732 sermone
2454 717 2472 751 ,
2530 685 2701 732 nam
2734 663 2983 734 multis
3010 663 3093 734 ad

973 778 1317 850 christum
1347 778 1638 850 Domini
1671 776 2045 848 visendum
2079 792 2151 847 et
2196 777 2458 874 pariter
2500 775 3093 849 consalutandum

972 919 1057 964 ex
1103 894 1314 965 variis
1361 892 1678 988 undique
1727 891 2136 988 regionibus
2191 890 2755 982 confluentibus,
2799 889 3095 964 difficilis

973 1025 1044 1082 et
1080 1033 1240 1081 rara
1268 1008 1627 1080 audientia
1658 1009 1980 1106 plurimis
2011 1006 2497 1106 praestabatur.

1077 1126 1393 1196 Primum
1438 1138 1590 1197 erat
1626 1139 1737 1213 ut,
1776 1123 2155 1195 calamitati
2187 1123 2623 1220 populorum
2650 1124 2875 1194 totius
2908 1125 3092 1218 regni

975 1238 1085 1308 sui
1115 1237 1589 1335 compatiens,
1623 1237 1751 1334 qui
1773 1290 1790 1325 ,
1830 1235 1926 1306 ob
1958 1235 2099 1307 hoc
2130 1235 2326 1330 quod
2354 1250 2505 1306 tam
2536 1235 2899 1308 diuturnis
2932 1252 3093 1308 tem·

976 1349 1274 1448 poribus
1301 1353 1674 1424 occasione
1712 1351 2069 1423 bellorum
2112 1351 2437 1422 militiam
2478 1351 2686 1422 simul
2732 1365 2810 1422 et
2860 1353 3095 1424 imma·

976 1468 1096 1538 nia
1149 1467 1410 1538 tributa
1454 1469 1837 1539 tolerarant
1898 1482 1969 1537 et
2029 1466 2263 1538 adhuc
2321 1481 2475 1536 tum
2536 1466 2947 1538 tolerabant
2966 1523 2985 1559 ,
3028 1468 3091 1537 in

975 1582 1503 1655 lamentabilem
1549 1585 1980 1680 paucitatem
2029 1599 2098 1654 et
2143 1598 2531 1654 extremam
2577 1607 2781 1680 paene
2840 1607 3090 1681 paupe·

977 1698 1188 1788 riom,
1252 1700 1688 1771 anteriorum
1748 1701 2285 1797 comparatione
2334 1714 2737 1796 temporum
2756 1754 2777 1790 ,
2840 1699 3093 1770 redacti

977 1829 1204 1905 erant,
1236 1839 1359 1885 eos
1390 1814 1684 1909 hujusce
1713 1815 2133 1910 gravissimis
2161 1813 2501 1885 oneribus
2528 1812 2844 1884 relevare
2870 1815 3088 1886 vellet.

1075 1929 1511 2018 Secundum,
1543 1945 1623 2000 ut
1642 1931 1923 2026 justitiae
1945 1930 2213 2000 cultum
2234 1944 2306 2001 et
2336 1928 2868 2001 observantiam
2897 1947 3094 2027 atque

978 2046 1342 2136 ordinem,
1389 2059 1536 2116 tam
1571 2047 1646 2115 in
1678 2045 2029 2142 supremis
2076 2069 2295 2141 quam
2326 2047 2401 2116 in
2438 2045 2591 2116 aliis
2637 2044 3091 2140 quibuscum-

978 2185 1118 2256 que
1162 2162 1374 2232 curiis
1407 2176 1477 2232 et
1519 2159 1994 2232 tribunalibus
2029 2161 2225 2256 regni
2262 2161 2410 2251 sui,
2465 2161 2539 2230 in
2576 2160 2843 2256 quibus
2889 2161 3095 2232 ferme

981 2279 1318 2349 omnibus
1350 2279 1598 2376 dilapsi
1635 2294 1708 2348 et
1733 2280 2056 2350 exstincti
2087 2293 2314 2366 erant,
2340 2279 2415 2348 in
2447 2279 2821 2350 meliorem
2846 2295 3093 2351 statum

979 2409 1049 2465 et
1074 2394 1378 2466 sormam
1409 2394 1796 2465 reformare
1827 2409 2038 2490 atque
2066 2393 2539 2486 redintegrare
2564 2393 2909 2464 studeret.

1079 2513 1357 2600 Quibus
1374 2511 1659 2583 duobus
1686 2513 1786 2582 sic
1816 2511 2187 2608 perstricto
2222 2534 2548 2580 sermone
2576 2509 2712 2580 sibi
2739 2511 3088 2607 expositis·‚

979 2630 1233 2724 gratias
1266 2653 1556 2722 magnas
1586 2651 1659 2697 se
1687 2625 1897 2697 nobis
1928 2625 2191 2697 habere
2217 2626 2407 2696 illico
2433 2625 2828 2722 respondit.
2868 2625 3095 2697 Aiebat

979 2770 1238 2843 nempe
1284 2759 1354 2814 et
1385 2741 1789 2816 affirmabat
1820 2768 1893 2814 se
1927 2743 2015 2814 de
2045 2743 2159 2812 his
2188 2741 2400 2811 rebus
2440 2766 2569 2839 per
2615 2765 2749 2812 nos
2782 2767 3095 2813 commo·

979 2863 1209 2931 nitum
1232 2916 1250 2951 ,
1305 2885 1482 2954 quas
1530 2885 1673 2957 prae
1715 2860 1987 2930 cunctis
2015 2857 2227 2928 rebus
2256 2856 2767 2953 temporalibus
2802 2858 3095 2955 amplius

976 2975 1316 3071 perficere
1367 2990 1658 3071 cuperet
1710 2991 1782 3045 et
1829 2974 2217 3065 affectaret,
2297 2973 2710 3066 nullamque
2762 2996 2921 3042 rem
2974 2973 3093 3042 sibi

976 3115 1183 3188 posse
1229 3091 1489 3184 gratius
1525 3091 1794 3179 afferri,
1836 3115 1967 3159 nec
2000 3113 2154 3184 quae
2204 3088 2425 3158 menti
2468 3112 2607 3158 suae
2641 3102 2859 3182 atque
2919 3090 3090 3159 auri-

976 3206 1114 3277 bus
1143 3206 1529 3301 jucundior
1577 3218 1792 3300 atque
1839 3206 2123 3275 suavior
2180 3205 2511 3273 insonare
2563 3218 2837 3298 posse-t,
2889 3228 3088 3299 quam

977 3320 1102 3390 ubi
1150 3320 1238 3389 de
1272 3317 1551 3390 duabus
1593 3317 2085 3412 hujuscemodi
2130 3317 2342 3387 rebus
2386 3316 2749 3412 patrandis
2783 3333 2858 3387 et
2904 3319 3093 3416 perfi-

977 3436 1247 3506 ciendis
1297 3435 1795 3504 adhortaretur
1844 3448 2054 3527 atque
2101 3447 2713 3523 commoneretur,
2776 3422 3093 3504 videlicet

978 3554 1066 3622 de
1135 3551 1517 3622 relevando
1571 3553 1923 3647 populum
1991 3549 2189 3643 regni
2258 3551 2364 3619 sui
2429 3564 2803 3645 totumque
2876 3552 3091 3648 ipsum

979 3692 1276 3760 regnum
1312 3667 1404 3737 ab
1437 3666 1572 3736 illis
1612 3664 2129 3736 miserabilibus
2158 3665 2487 3735 aerumnis
2525 3679 2596 3734 et
2628 3668 3094 3762 oppressioni-

978 3784 1113 3853 bus
1146 3784 1406 3854 militiae
1437 3799 1505 3853 et
1529 3782 1959 3852 tributorum
1980 3837 1998 3870 ,
2032 3797 2588 3876 caeterorumque
2614 3783 3091 3875 gravaminum

977 3917 1046 3970 et
1081 3900 1707 3969 incommodorum
1743 3921 1901 3994 quae
1932 3897 2100 3966 inde
2135 3895 2400 3966 oboriri
2443 3897 2707 3986 solent,
2749 3913 2820 3966 et
2860 3899 2933 3967 in
2978 3923 3089 3968 an-

976 4019 1205 4111 tiquas
1265 4016 1560 4108 gloriam
1585 4070 1602 4105 ,
1673 4015 2031 4083 libertates
2096 4027 2305 4106 atque
2370 4012 2810 4107 opulentiam
2874 4015 3085 4110 ipsum

976 4132 1409 4202 restituendo
1464 4147 1674 4224 atque
1727 4127 2223 4220 instaurando,
2281 4152 2364 4197 ac
2418 4127 2509 4196 de.
2560 4127 2805 4199 debito
2852 4130 3083 4199 ordine

974 4251 1207 4342 legum
1243 4261 1308 4316 et
1337 4248 1616 4340 justitiae
1655 4243 2118 4316 instaurando
2144 4258 2355 4338 atque
2390 4242 2877 4316 reformando,
2913 4244 3079 4314 Rese-
