3400 5417
1018 562 1237 619 LIBER
1286 564 1591 623 SEXTUS.
2277 570 2350 625 87

245 714 423 782 rere,
463 714 639 787 quas
668 690 857 764 soliti
892 708 1095 766 erant
1118 692 1344 766 facere
1382 711 1451 766 et
1464 694 1734 767 habere
1753 696 1828 768 in
1863 696 2062 768 terris
2083 698 2350 794 praefati

244 806 514 878 domini
541 806 770 901 ducis,
808 832 959 881 non
982 810 1134 881 sine
1166 834 1429 907 magno
1474 812 1584 883 sui
1636 810 2066 883 detrimento
2086 866 2107 905 ,
2143 814 2352 885 simul

245 922 449 994 etiam
486 948 561 995 se
594 924 865 996 interea
894 925 1207 1024 privatos
1234 926 1680 1024 patrimoniis
1718 941 1789 999 et
1815 927 2071 998 annuis
2098 926 2352 999 rediti-

246 1036 397 1131 buS,
427 1063 614 1135 quos
641 1040 719 1111 in
750 1039 1069 1136 ejusdem
1115 1042 1456 1140 principis
1486 1043 1690 1114 terris
1738 1057 1951 1140 atque
2017 1041 2356 1116 dominiis

245 1151 635 1246 habebant,
675 1155 1112 1254 collegerunt
1142 1182 1216 1228 se
1243 1181 1410 1228 cum
1440 1180 1702 1254 magna
1733 1156 2185 1230 multitudine
2211 1157 2351 1257 ple-

245 1266 349 1341 bis
394 1268 486 1340 ad
546 1269 932 1367 quemdam
988 1274 1342 1369 pontem¹,
1376 1272 1564 1344 circa
1590 1286 2027 1344 conventum
2063 1273 2348 1369 Regula-

248 1384 420 1455 rium
436 1440 455 1476 ,
487 1409 717 1484 prope
758 1400 1038 1483 portam
1086 1412 1243 1483 quae
1305 1386 1519 1482 vulgo
1583 1387 1987 1485 appellatur
2044 1388 2354 1459 Tollens-

250 1500 431 1599 teglae
442 1504 488 1571 ².
514 1504 621 1573 Ex
647 1501 947 1574 adverso
974 1501 1208 1574 dictus
1236 1501 1571 1574 dominus
1603 1502 1694 1573 de
1729 1502 2162 1596 Monteforti,
2194 1529 2359 1575 cum

250 1616 455 1687 altero
490 1615 1203 1712 burgimagistrorum
1218 1620 1239 1656 ⁸
1265 1632 1337 1689 et
1391 1617 1535 1689 suis
1585 1617 2008 1707 fautoribuS,
2059 1618 2360 1714 college·

252 1746 403 1802 runt
436 1756 511 1803 se
545 1733 623 1804 in
675 1732 909 1830 platea
976 1759 1131 1830 quae
1192 1750 1295 1805 est
1348 1749 1513 1806 ante
1569 1732 1875 1805 domum
1921 1736 2356 1827 consulatuS,

250 1871 533 1943 eamque
569 1849 920 1920 machinis
945 1864 1016 1920 et
1045 1848 1464 1921 bombardis
1506 1850 1992 1943 muniverunt,
2017 1850 2362 1923 fecerunt-

251 1986 379 2059 que
413 1988 839 2061 campanam
897 1964 1258 2062 publicam
1291 1965 1556 2062 pulsari
1607 1964 1701 2036 ad
1753 1965 2238 2061 colligendum
2268 1968 2360 2039 ad

250 2102 317 2148 se
340 2079 689 2176 populum
720 2078 854 2150 sub
889 2079 1145 2150 vexillo
1172 2079 1498 2169 civitatiS,
1530 2103 1620 2148 eo
1657 2078 1882 2149 modo
1911 2103 2058 2174 quo
2107 2082 2182 2150 in
2211 2080 2360 2151 bel-

251 2190 387 2263 licis
416 2192 842 2265 tumultibus
873 2192 1025 2265 fieri
1058 2193 1340 2265 assolet.
1383 2195 1544 2278 Qua
1580 2192 1750 2263 satis
1778 2191 2222 2265 horribiliter
2253 2196 2364 2266 in-

252 2322 525 2381 tonante
556 2364 577 2402 ,
620 2334 918 2405 magnus
956 2309 1267 2408 populus
1302 2322 1375 2377 et
1414 2306 1507 2378 ad
1552 2307 1863 2405 plateam
1887 2363 1906 2398 ,
1938 2322 2007 2379 et
2040 2307 2134 2380 ad
2190 2310 2367 2381 alios

252 2424 480 2513 etiam,
535 2426 668 2521 qui
732 2450 816 2495 ex
872 2425 1164 2497 adversa
1234 2437 1433 2521 parte
1494 2420 1913 2514 adstabant,
1987 2423 2356 2495 confluxit.

256 2542 601 2637 Erantque
638 2542 1093 2639 quamplures
1124 2564 1207 2611 ex
1241 2536 1450 2637 plebe
1475 2537 1899 2609 fluctuantes
1927 2552 2138 2634 atque
2164 2539 2368 2609 haesi·

252 2670 460 2729 tantes
492 2658 593 2730 ad
625 2682 841 2755 quam
873 2658 1109 2756 potius
1132 2656 1441 2754 partium
1472 2678 1623 2724 sese
1652 2654 2210 2750 conjungerent3
2240 2655 2363 2727 sed

254 2774 621 2845 multitudo
650 2775 878 2870 major
912 2789 983 2844 et
1014 2772 1438 2870 locupletior
1485 2794 1730 2841 versus
1769 2785 2047 2867 portam
2087 2796 2162 2843 se
2215 2772 2365 2843 col-

253 2886 442 2983 legit:
479 2889 649 2975 ubi,
678 2890 737 2960 si
772 2889 961 2961 illico
996 2888 1353 2960 sufficiens
1386 2909 1641 2957 manus
1692 2899 1944 2956 coacta
1983 2887 2255 2978 fuisset,
2297 2901 2367 2957 et

257 3005 337 3076 ad
366 3007 863 3106 occupandam
897 3006 1203 3104 plateam
1238 3019 1310 3075 et
1336 3004 1635 3074 domum
1686 3002 2095 3074 consulatus
2135 3018 2362 3075 teten-

256 3121 527 3213 dissent,
553 3148 726 3194 cum
755 3123 985 3194 dictus
1011 3120 1349 3193 dominus
1383 3118 1474 3190 de
1493 3118 1900 3190 Montesorti
1929 3118 2069 3189 illic
2097 3118 2358 3208 adhuc,

258 3237 448 3310 nullis
475 3242 775 3337 stipatus
816 3263 1017 3336 paene
1055 3234 1494 3324 satellitibus,
1547 3234 1746 3328 quasi
1807 3233 2000 3303 solus
2032 3235 2362 3326 adstaret,

258 3352 506 3450 absque
538 3356 746 3426 nullo
776 3355 1062 3450 negotio
1091 3350 1442 3423 desiderio
1472 3374 1603 3420 suo
1632 3349 1838 3446 potiti
1874 3349 2188 3420 fuissent.
2227 3351 2365 3420 Sed

262 3472 477 3541 nescio
506 3496 661 3568 quo
688 3470 1016 3560 consili0‚
1050 3471 1230 3540 ineo
1254 3468 1447 3557 1000,
1476 3463 1601 3535 ubi
1630 3489 1703 3535 se
1735 3463 2191 3560 collegerant,
2221 3480 2366 3536 tam

259 3580 370 3653 diu
430 3585 941 3677 constiterunt,
977 3585 1174 3680 quod
1208 3579 1624 3655 adversariis
1656 3578 1799 3649 suis
1837 3581 2141 3677 spatium
2176 3579 2370 3652 suffi-

260 3698 433 3770 ciens
448 3700 913 3799 praebuerunt
964 3700 1058 3771 ad
1083 3725 1155 3771 se
1186 3695 1664 3791 colligendum
1694 3696 1769 3764 in
1815 3695 2045 3791 platea
2072 3695 2372 3767 civitatis

260 3826 319 3881 et
347 3839 496 3885 eam
530 3815 1198 3887 communiendam.

355 3934 435 3999 Ut
471 3956 647 4002 vero
686 3932 1062 4001 domiuum
1118 3930 1633 4025 Trajcctensem
1685 3939 1810 3998 aut
1851 3925 2164 4021 aliquam
2209 3950 2375 3995 suo-

336 4100 387 4152 1.
433 4097 808 4174 Smcbrugge.

339 4192 392 4246 2.
436 4194 542 4252 MS.
583 4194 870 4265 Tolleglte.

340 4288 391 4335 23.
436 4287 543 4341 Jan
572 4304 689 4341 van
718 4288 1062 4341 Lanu-foen.
