3400 5417
1142 492 1357 548 LIBER
1402 494 1709 550 SEXTUS.
2419 498 2494 551 63

363 636 627 718 ageret,
658 638 755 712 et,
796 624 1197 696 devotionis
1232 648 1315 697 ac
1354 628 1764 698 reverentiae
1805 628 1900 699 ad
1935 628 2274 699 eumdem
2306 628 2494 734 lega·-

362 756 514 810 tum
572 742 797 836 gratia
821 796 841 833 ,
905 740 1075 812 dicti
1143 741 1235 813 de
1297 741 1587 813 Medicis
1643 767 1811 813 cum
1866 744 2244 815 innumera
2294 769 2496 842 paene

362 855 901 927 honorabilium
933 857 1197 928 civium
1232 857 1539 928 aliorum
1566 856 2024 928 multitudine
2052 858 2146 930 ad
2172 858 2499 954 hujusce-

364 972 562 1043 modi
600 974 950 1071 templum
1005 973 1541 1068 adventassent,
1597 973 1836 1046 subito
1892 976 1965 1045 in
2017 999 2186 1066 eOS,
2239 976 2363 1071 qui
2407 975 2498 1048 de

368 1091 594 1161 Passis
627 1105 701 1161 et
749 1115 1003 1162 eorum
1043 1090 1540 1186 conjuratione
1592 1091 1735 1162 illic
1772 1116 1856 1162 ex
1890 1092 2294 1188 composito
2330 1092 2496 1163 ade-

362 1220 520 1277 rant
548 1257 569 1288 ‚
639 1205 973 1297 districtis
1034 1207 1250 1277 armis
1316 1205 1740 1303 gladiisque,
1813 1220 2027 1303 atque
2082 1206 2498 1278 satellitibus

362 1322 636 1418 stipati,
676 1322 1060 1413 irruerunt,
1108 1339 1176 1394 et
1205 1324 1569 1395 Julianum
1611 1322 1903 1419 quidem
1943 1324 2128 1393 intra
2170 1324 2496 1394 eamdem

359 1434 728 1509 basilicam
797 1438 1295 1531 trucidarunt3
1364 1440 1827 1511 Laurentium
1895 1463 2067 1509 vero
2096 1493 2115 1528 ‚
2181 1438 2496 1533 ejusdem

364 1578 786 1647 germanum
815 1612 836 1647 ,
901 1557 1163 1654 pariter
1212 1558 1426 1628 etiam
1472 1570 1834 1627 tentarunt
1880 1553 2230 1625 occidere.
2306 1557 2491 1648 Qui,

362 1694 491 1766 pro
548 1673 876 1766 germani
920 1672 1028 1743 sui
1068 1688 1214 1743 tam
1248 1671 1609 1743 horrenda
1664 1686 1734 1743 et
1782 1672 2119 1765 sacrilega
2163 1697 2488 1769 peremp-

362 1775 553 1857 'tione
575 1799 628 1877 ‚·
656 1789 926 1883 ingenti
992 1802 1241 1859 exorto
1292 1789 1605 1859 clamore
1674 1803 1745 1859 et
1820 1789 2128 1857 tumultu
2181 1789 2489 1877 excituS,

364 1904 611 1973 mortis
652 1904 1049 1999 periculum
1091 1904 1458 1976 declinans
1500 1920 1568 1975 et
1609 1903 1699 1974 ad
1743 1904 2130 1974 sacristiam
2180 1904 2499 1974 celeriter

364 2042 779 2111 accurrenS,
842 2023 914 2091 in
966 2046 1124 2092 eam
1175 2046 1248 2090 se
1294 2024 1601 2117 recepit,
1668 2034 1784 2110 et,
1842 2019 2186 2091 obseratis
2227 2019 2498 2092 foribus

365 2134 681 2229 ejusdem
715 2192 732 2227 ,
796 2136 936 2207 illic
992 2136 1396 2234 praesidium
1458 2136 1890 2205 defensionis
1945 2136 2298 2228 invenit¹,
2361 2137 2495 2207 levi

364 2263 598 2321 tamen
653 2253 979 2348 perprius
1023 2266 1319 2350 accepto
1372 2251 1663 2322 vulnere
1706 2275 1748 2321 a
1798 2251 2150 2345 sacrilegis
2187 2252 2491 2341 sicariiS‚

365 2367 481 2460 qui
514 2367 665 2437 illic
697 2392 845 2438 sese
877 2367 1203 2438 occulere
1235 2365 1655 2463 potuissent.

458 2486 647 2554 Cum
696 2498 934 2554 autem
996 2482 1210 2577 liujus
1263 2497 1410 2552 lam
1456 2479 1743 2550 nefandi
1795 2493 1866 2549 et
1897 2480 2174 2549 cunctis
2219 2479 2496 2552 abomi-

367 2597 579 2669 nandi
622 2600 907 2670 sceleris
946 2598 1129 2669 sama
1178 2598 1366 2667 illico
1398 2611 1623 2667 totam
1661 2597 2054 2693 implesset’
2099 2596 2491 2690 civitatem,

368 2738 756 2786 concursus
790 2715 1106 2811 undique
1134 2716 1396 2784 civium
1430 2731 1871 2785 armatorum
1897 2712 2118 2783 sactus
2153 2728 2281 2782 est.
2317 2715 2492 2806 Qui,

368 2856 860 2929 quoscumque
912 2834 1295 2930 complices
1361 2833 1546 2902 illius
1599 2832 1923 2904 nesandae
1987 2832 2500 2927 conjurationis

370 2946 617 3020 obvios
662 2950 925 3021 habere
953 2964 1375 3046 potueruut,
1416 2950 1525 3019 vel
1560 2948 2044 3036 trucidarunt,
2087 2948 2198 3018 vel
2234 2951 2516 3018 carceri·

370 3078 434 3132 et
472 3066 815 3136 custodiae
853 3066 1473 3161 manciparunt....
1500 3067 1519 3099 ³
1560 3064 1796 3157 fugam
1848 3064 2299 3159 arripientes,
2341 3065 2498 3159 qui·

370 3178 500 3250 bus
529 3182 625 3252 ad
692 3182 832 3252 tale
881 3180 1287 3279 praesidium
1334 3181 1529 3251 licuit
1556 3181 1958 3277 pervenire,
2023 3195 2100 3249 ut
2161 3195 2232 3250 et
2261 3206 2496 3276 perse—

374 3301 747 3392 quentium
805 3323 927 3369 eos
983 3296 1317 3369 manibus
1361 3297 1839 3385 elaberentur,
1900 3297 2195 3367 minime
2253 3295 2500 3392 depre-

371 3411 695 3486 hensi....

450 3676 506 3731 1.
554 3677 685 3731 Une
724 3674 1058 3751 inscription
1102 3674 1310 3752 gravee
1356 3686 1556 3729 contre
1601 3672 1653 3727 la
1698 3683 1865 3744 porte
1907 3667 1978 3726 de
2016 3672 2069 3726 la
2113 3669 2366 3729 sacristie
2401 3668 2495 3746 qui

377 3778 453 3819 est
490 3768 522 3821 a
550 3766 767 3835 divite,
800 3788 931 3823 sous
964 3769 1016 3824 la
1045 3768 1287 3843 eoupole
1316 3765 1386 3822 (lc
1424 3762 1828 3821 Sainte-Marie
1864 3760 1955 3817 del
1996 3763 2187 3835 Fiore,
2225 3765 2498 3839 perpetue

379 3860 425 3913 la
454 3862 731 3917 memoire
760 3863 830 3919 (le
861 3876 951 3919 cet
984 3864 1343 3918 eveneuient.

452 3956 506 4011 2.
556 3963 857 4031 Impresset
884 3957 1027 4014 dans
1059 3957 1109 4012 le
1138 3976 1243 4011 nis.

454 4054 508 4109 3.
554 4056 686 4109 L'ne
722 4052 1111 4108 circonstancc
1152 4050 1495 4126 importante
1534 4048 1609 4103 du
1656 4047 1796 4103 recit
1836 4065 1870 4103 a
1912 4046 2001 4101 ete
2045 4046 2224 4102 omise
2268 4044 2407 4100 dans
2447 4048 2496 4100 la

380 4147 775 4224 transcription
806 4146 882 4202 du
914 4166 1047 4215 maz„
1079 4159 1133 4201 ct
1164 4145 1304 4200 rond
1336 4144 1720 4217 insignifiante
1754 4142 1805 4196 la
1834 4141 2040 4215 phrase
2069 4140 2326 4194 suivante
2350 4183 2361 4203 ‚
2400 4140 2495 4213 qui

381 4254 456 4294 est
488 4241 775 4296 d'aillcurs
805 4240 1129 4294 elle-menie
1169 4238 1530 4311 ins-‹nuplsrttn
