3400 5417
1252 509 1477 601 LIBER
1519 545 1819 602 PRIMUS.
2492 541 2615 604 ³01·

567 679 732 760 Quo
761 674 862 744 sic
893 699 1023 770 per
1056 697 1226 744 eum
1255 699 1627 772 responso,
1665 700 1833 746 cum
1862 675 2063 745 omni
2093 676 2315 746 animi
2345 674 2610 749 fiducia

465 790 761 859 ulterius
792 815 962 860 eum
987 791 1488 886 requisivimus
1517 807 1596 862 ut
1623 789 1835 861 nobis
1864 790 2245 861 consilium
2279 809 2608 889 praestare

465 903 702 994 vellet,
742 928 832 975 an
871 904 1092 1001 ipsius
1126 905 1361 975 nuntii
1395 905 1785 976 adventum
1820 906 2161 1003 opperiri,
2199 905 2313 976 vel
2337 908 2603 1004 potiuS,

464 1021 738 1091 utendo
767 1019 1052 1092 licentia
1096 1020 1307 1091 nobis
1340 1045 1707 1112 concessa,
1742 1021 1877 1091 iter
1909 1019 2410 1118 proficiscendi
2438 1025 2610 1095 arri·

463 1159 637 1232 pere
697 1134 1162 1227 deberemuS,
1210 1150 1554 1233 tanquam
1608 1137 1698 1208 de
1748 1135 1955 1231 regiae
1997 1136 2388 1209 voluntatis
2448 1165 2610 1210 mu-

464 1251 734 1323 tatione
801 1252 976 1324 nihil
1035 1253 1371 1350 suspicati
1441 1253 1554 1325 vel
1618 1252 1995 1325 admoniti.
2068 1241 2355 1326 Sciebat
2416 1258 2609 1328 enim

462 1369 1083 1464 quemadmodum
1126 1370 1277 1464 jam
1313 1351 1454 1440 ill'ic
1506 1370 1649 1464 regi
1685 1394 1815 1466 per
1847 1393 2128 1440 menses
2181 1371 2611 1466 quatuorde-

464 1484 608 1553 cim
642 1485 1147 1574 serviissemus,
1188 1484 1387 1554 nullo
1426 1486 1708 1582 penitus
1743 1500 2036 1580 accepto
2080 1485 2437 1582 stipendio
2485 1512 2609 1560 seu

462 1599 856 1671 honorario
897 1601 1009 1671 vel
1037 1601 1293 1695 quovis
1325 1600 1863 1691 emolument05
1904 1601 2209 1695 qualiter
2240 1603 2454 1673 etiam
2488 1628 2607 1674 rex

461 1729 630 1785 ante
666 1715 1052 1787 discessum
1088 1731 1417 1787 nostrum
1449 1742 1535 1787 ex
1568 1716 1802 1804 curia,
1844 1730 1922 1785 ut
1948 1741 2161 1814 supra
2195 1717 2601 1807 retulimus,

462 1830 820 1928 pollicitus
858 1832 1083 1903 suerat
1130 1831 1336 1902 nobis
1382 1831 1473 1904 de
1515 1831 1862 1928 pensione
1921 1831 2183 1903 idonea
2235 1832 2609 1928 providere

461 1944 664 2040 (nam
693 1948 840 2043 ipse
869 1961 1042 2018 tunc
1069 1948 1144 2017 in
1177 1947 1429 2018 eadem
1458 1948 1642 2041 regis
1666 1946 1865 2016 curia
1894 1971 2198 2043 praesens
2225 1945 2601 2042 adfuerat),

461 2063 553 2132 de
599 2088 742 2160 qua
774 2079 1014 2134 tamen
1052 2065 1528 2161 promissione
1564 2062 1741 2134 nihil
1779 2088 2072 2159 prorsus
2117 2063 2345 2134 fuerat
2374 2064 2605 2135 adim-

461 2179 769 2274 pletum;
811 2205 1022 2276 grave
1060 2196 1299 2252 autem
1342 2181 1556 2252 nimis
1591 2174 1741 2251 er'at
1785 2180 1995 2251 nobis
2040 2195 2110 2251 et
2154 2181 2607 2278 importabile

461 2308 606 2364 tam
645 2295 769 2364 diu
802 2297 878 2363 in
907 2311 1055 2366 tam
1088 2312 1365 2368 remota
1397 2322 1441 2367 a
1477 2295 1765 2366 sedibus
1800 2297 2044 2392 patriis
2076 2312 2260 2367 terra
2292 2299 2606 2397 propriis

460 2411 828 2507 stipendiis
886 2413 1028 2506 regi
1084 2413 1410 2483 militare.
1471 2412 2121 2483 Percunctabamur
2167 2414 2379 2508 igitur
2434 2441 2603 2512 pru·

460 2528 779 2599 dentiam
815 2553 1018 2598 suam
1051 2529 1400 2625 quidnam
1437 2529 1707 2600 factura
1752 2529 1964 2616 foret,
2024 2531 2081 2598 si
2125 2530 2371 2600 similis
2406 2557 2597 2620 eum,

461 2646 564 2715 uti
587 2661 829 2715 nostra
857 2661 1032 2737 erat,
1071 2644 1354 2717 fortuna
1376 2660 1672 2716 teneret.
1716 2649 1867 2742 lpse
1902 2659 2163 2735 autem,
2190 2649 2314 2742 qui
2342 2664 2597 2741 rectUS,

459 2764 584 2856 qui
607 2763 836 2856 justus
868 2779 1078 2857 atque
1111 2762 1470 2832 humanus
1503 2762 1843 2833 dominus
1875 2776 2048 2852 erat,
2080 2761 2270 2832 illico
2306 2789 2603 2862 respon-

460 2879 566 2950 dit
612 2906 684 2949 se
733 2881 804 2948 in
861 2879 983 2949 tali
1021 2904 1188 2950 casu
1237 2906 1386 2950 non
1437 2893 2009 2976 exspectaturum
2060 2880 2291 2949 nuntii
2342 2881 2605 2954 adven-

461 3011 640 3082 tum,
683 2995 806 3065 sed
843 2995 1077 3066 statim
1111 3021 1184 3066 se
1223 2995 1312 3066 ad
1348 2996 1618 3066 curiam
1659 2996 1839 3088 regis
1874 2996 1943 3063 in
1997 2997 2287 3092 propria
2326 2998 2601 3094 profec-

459 3127 701 3181 turum
735 3112 1108 3205 nuntiique
1144 3126 1665 3206 pra-venturum
1695 3135 2084 3180 accessum.

561 3226 777 3313 Quod
837 3252 1001 3296 cum
1066 3252 1210 3296 non
1263 3228 1412 3296 sinc
1473 3227 1781 3322 plurima
1832 3227 2301 3319 gratulatione
2358 3228 2450 3299 ab
2512 3255 2599 3298 eo

462 3343 734 3412 dictum
773 3342 1261 3430 audiissemus,
1303 3343 1533 3412 statim
1571 3341 2075 3411 subintulimus
2111 3343 2185 3412 id
2219 3344 2431 3414 etiam
2466 3370 2599 3414 nos

462 3461 765 3529 omuino
802 3459 1108 3529 facturos
1146 3459 1625 3556 proposuisse,
1676 3484 1808 3528 nec
1844 3458 1914 3527 in
1955 3472 2155 3529 tanto
2192 3458 2598 3529 discrimine

463 3576 846 3672 obtorpcre
901 3575 1303 3666 intendere,
1365 3575 1490 3645 sed
1535 3575 1733 3670 quod
1785 3575 2005 3644 altero
2062 3589 2218 3670 post
2266 3577 2597 3672 proximo

461 3695 783 3788 sequenti
823 3692 964 3778 die,
1022 3693 1336 3761 Domino
1385 3691 1592 3777 duce,
1653 3691 1785 3761 iter
1824 3693 2318 3787 arriperemus.
2383 3693 2596 3778 Quod

463 3810 613 3904 ipse
648 3822 725 3876 ut
757 3808 850 3876 ita
877 3808 1266 3876 faceremus
1295 3806 1651 3874 consuluit
1685 3819 1750 3874 et
1778 3805 2114 3875 laudavit.
2155 3806 2357 3876 Unde
2389 3807 2597 3877 nobis

465 3921 536 3990 in
575 3921 695 3991 tali
734 3936 972 3990 nostra
1020 3921 1400 3990 afflictione
1453 3925 1662 4013 atque
1699 3918 2154 3990 tribulatione
2196 3945 2451 4014 magna
2484 3945 2597 3990 ac·

463 4038 680 4106 crevit
712 4037 1109 4107 consolatio
1145 4050 1214 4104 ct
1239 4035 1434 4105 bona
1464 4061 1623 4132 spes
1650 4034 1721 4104 in
1746 4037 2089 4126 Domino,
2120 4036 2438 4132 laqueos,
2470 4037 2593 4130 qui

468 4151 674 4222 nobis
700 4151 1179 4224 tendebantur
1207 4153 1455 4221 mortis
1476 4176 1602 4248 per
1626 4176 2011 4247 pravorum
2046 4152 2356 4238 insidiaS,
2389 4178 2592 4248 posse

465 4270 822 4342 declinare
857 4285 926 4340 et
957 4270 1291 4366 effugere.
