3400 5417
970 491 1083 549 354
1827 486 2202 545 APOLOGIA
2223 529 2242 557 ‚

1357 900 1744 983 INCIPIT
1801 901 2106 983 LlBER
2159 900 2701 984 SECUNDUS.

1491 1422 2087 1493 CAPlTULUM
2155 1418 2587 1489 PRIMUM.

1034 1622 1200 1691 Quod
1236 1624 1471 1677 honores
1496 1636 1549 1677 et
1574 1624 1808 1677 culmina
1841 1623 2218 1695 temporalium
2248 1620 2568 1695 dignitatum
2601 1620 2788 1674 beatos
2813 1620 3032 1675 minine

1905 1708 2166 1763 efficiunt.

1060 1898 1199 1969 Sed
1246 1898 1627 1995 quoniam,
1702 1913 1784 1971 ut
1837 1898 2174 1971 Boethius
2228 1897 2497 1995 inquit,
2546 1896 3101 1969 infelicissimum

963 2015 1333 2086 infortunii
1368 2040 1590 2110 genus
1622 2030 1728 2087 est
1760 2016 1972 2087 fuisse
2021 2016 2336 2101 felicem,
2387 2029 2490 2103 et,
2529 2029 2611 2085 ut
2641 2015 2902 2110 vulgus
2931 2016 3102 2087 asti·

962 2155 1159 2202 mare
1208 2133 1502 2224 assolet,
1557 2132 1647 2203 de
1695 2132 1998 2203 honoris
2045 2131 2457 2229 temporalis
2500 2130 2777 2227 fastigio
2813 2132 2932 2204 vel
2973 2156 3106 2204 ma-

962 2272 1265 2342 gnarum
1299 2246 1664 2319 affluentia
1711 2272 1936 2346 opum
1970 2272 2054 2319 ac
2088 2247 2496 2318 divitiarum
2531 2246 2606 2316 in
2650 2246 3104 2319 humiliorem

961 2364 1248 2435 devolvi
1290 2364 1652 2435 fortunam
1694 2365 2039 2435 miserum
2079 2378 2150 2435 et
2183 2363 2679 2435 calamitosum
2716 2388 2870 2435 esse
2915 2364 3109 2437 vide·

961 2496 1103 2574 tur,
1132 2482 1395 2552 durum
1416 2507 1499 2554 ac
1525 2481 1812 2552 difficile
1837 2482 2205 2553 nonnullis
2231 2481 2457 2552 videri
2482 2495 2714 2580 potest
2737 2480 3107 2579 quomodo

963 2599 1122 2695 quis
1158 2598 1575 2695 hujusmodi
1615 2599 2063 2669 fortunarum
2097 2622 2180 2669 ac
2219 2613 2440 2669 status
2471 2599 3109 2670 commutationem

963 2739 1169 2811 aequo
1213 2732 1284 2786 et
1320 2716 1589 2786 invicto
1635 2716 1880 2785 animo
1914 2715 2095 2785 ferre
2131 2715 2378 2812 possit.
2421 2718 2508 2784 Et
2549 2729 2938 2811 propterea
2977 2715 3111 2785 for-

964 2856 1090 2903 san
1124 2833 1583 2930 quamplures
1616 2857 1767 2903 esse
1807 2833 1973 2903 satis
2006 2846 2368 2929 putamus,
2407 2832 2530 2927 qui
2564 2830 2663 2901 ob
2695 2830 3108 2926 hujusmodi

965 2948 1122 3018 vitae
1156 2973 1405 3019 cursus
1435 2948 2038 3045 permutationem
2071 2971 2206 3017 nos
2235 2946 2308 3017 in
2339 2970 2642 3042 magnos
2669 2971 3020 3021 moerores
3048 2964 3111 3020 et

965 3065 1329 3136 luctuosos
1364 3066 1754 3160 anxiosque
1797 3064 2096 3158 gemitus
2132 3062 2446 3158 dejectos
2478 3062 2944 3153 arbitrentur,
2983 3090 3108 3136 ve-

967 3181 1095 3252 luti
1124 3207 1209 3252 ex
1238 3206 1495 3277 magna
1521 3180 1835 3276 quadam
1873 3179 2198 3250 felicitate
2223 3180 2297 3248 in
2329 3179 2685 3250 miseriam
2703 3178 3100 3252 devolutos,

1072 3302 1333 3369 Verum
1368 3300 1422 3369 si
1474 3297 1643 3369 tales
1680 3321 1828 3367 non
1870 3296 2251 3391 vulgariter
2283 3311 2496 3391 atque
2537 3298 2984 3395 populariter
3021 3296 3108 3369 ad

971 3415 1364 3511 insipientis
1397 3430 1463 3484 et
1502 3412 1808 3509 imperiti
1845 3412 2036 3507 vulgi
2081 3412 2528 3509 opinionem,
2580 3412 2705 3483 sed
2747 3414 2991 3511 potius
3023 3412 3108 3485 ad

969 3530 1371 3620 veritatem,
1413 3555 1666 3625 quam,
1716 3528 1987 3598 nedum
2027 3528 2271 3599 litterae
2303 3552 2515 3598 sacrae
2549 3528 2640 3599 ad
2673 3530 3110 3601 consolatio-

972 3670 1140 3714 nem
1182 3660 1253 3715 et
1292 3646 1770 3715 eruditionem
1817 3658 2134 3714 nostram
2178 3644 2515 3715 divinitus
2561 3642 2774 3715 nobis
2809 3645 3103 3735 traditae,

974 3762 1099 3832 sed
1145 3763 1355 3833 etiam
1405 3763 1767 3857 gentilium
1825 3760 2425 3858 philosophorum
2473 3761 2865 3858 disciplinae
2904 3777 3110 3860 atque

975 3878 1452 3964 institutiones
1486 3876 1984 3975 prodiderunt,
2024 3875 2516 3974 philosophari
2553 3892 2872 3975 possent,
2905 3877 3110 3975 longe

972 3992 1175 4063 aliter
1201 4017 1284 4063 ac
1314 3993 1743 4082 existimant,
1772 4016 1921 4061 esse
1947 3991 2419 4085 intelligerent
2447 4006 2658 4088 atque
2678 3992 3103 4088 judicarent.

972 4107 1363 4179 Arbitratur
1392 4109 1732 4205 insipiens
1766 4108 2016 4201 vulgus
2049 4108 2122 4177 in
2159 4132 2579 4203 magnarum
2613 4110 3110 4207 perfunctione

974 4249 1058 4297 ac
1088 4224 1518 4297 sublimitate
1557 4226 1982 4321 dignitatum
2015 4249 2348 4320 magnam
2391 4225 2796 4298 felicitatem
2834 4228 3102 4321 inesse3
