3400 5417
1009 439 1123 496 242
1858 433 2235 494 numu
2256 476 2271 503 ‚

1685 843 1985 926 LIBER
2038 841 2455 930 PRIMUS

1526 1341 2113 1416 cAmTULUM
2183 1341 2609 1433 nmmum.

1042 1545 1221 1598 Prima
1249 1543 1383 1598 ratio
1410 1541 1555 1596 unde
1581 1541 1730 1596 credi
1758 1556 1927 1616 potest
1963 1543 2098 1617 regis
2127 1542 2272 1596 istius
2302 1541 2537 1614 primum
2560 1542 2849 1595 inchoasse
2871 1541 3061 1596 odium.

1091 1726 1216 1796 His
1246 1725 1459 1819 igitur
1492 1725 1588 1796 ita
1619 1723 2053 1822 praefationis
2079 1725 2245 1795 loco
2276 1724 2685 1822 praemissiS,
2717 1740 3101 1824 susceptum

991 1841 1482 1935 aggrediemur
1538 1865 1757 1937 opu5‚
1810 1841 2049 1937 plures
2098 1840 2387 1911 relaturi
2434 1863 2681 1912 causas
2724 1865 3027 1936 quarum
3070 1867 3103 1912 e

992 1957 1357 2028 nonnullis
1402 1957 1875 2028 verisimiliter
1908 1955 2375 2042 arbitramur,
2412 1980 2498 2028 ex
2533 1956 2688 2029 aliis
2722 1982 2899 2029 vero
2930 1983 3105 2056 aper-

993 2074 1256 2145 tissime
1321 2087 1771 2170 compertum
1828 2071 2179 2143 habemus
2229 2071 2495 2144 dictam
2554 2073 2825 2168 regiam
2878 2091 3105 2148 contra

989 2214 1124 2261 nos
1153 2188 1718 2284 indignationem
1753 2187 2225 2258 incanduisse.

1087 2310 1174 2376 Et
1239 2306 1475 2404 primo
1540 2303 1833 2400 quidem
1856 2358 1874 2394 ,
1946 2327 2111 2373 cum
2173 2327 2367 2375 anno
2428 2307 2721 2377 Domini
2796 2320 3105 2378 currente

987 2447 1407 2509 mccccxmx,
1466 2423 1600 2519 piae
1643 2435 1713 2492 et
1764 2421 2019 2491 inclitae
2052 2423 2565 2494 recordationis
2616 2425 2927 2498 Karolus
2975 2450 3105 2520 sep-

987 2543 1203 2614 timus
1227 2564 1384 2632 rex,
1429 2539 1641 2634 hujus
1677 2536 2006 2607 moderni
2052 2535 2393 2610 Ludovici
2426 2541 2740 2634 genitor,
2778 2545 3107 2612 Norman-

987 2659 1181 2729 niam
1204 2712 1222 2748 ,
1263 2655 1390 2726 diu
1434 2653 1527 2726 ab
1565 2653 1864 2751 Anglicis
1898 2652 1969 2722 vi
1999 2669 2422 2750 occupatam
2462 2671 2533 2727 et
2570 2656 2971 2750 detentam,
3008 2681 3105 2730 ar·

988 2775 1125 2845 mis
1170 2771 1458 2866 aggredi
1494 2786 1562 2840 et
1599 2792 2016 2867 recuperare
2067 2769 2487 2843 decrevisset
2513 2776 2558 2866 ¹,
2616 2775 2960 2869 contigit,
2996 2774 3108 2844 Dei

986 2889 1392 2986 adspirante
1449 2885 1825 2956 clementia
1872 2908 1957 2956 ac
2008 2886 2490 2959 misericordia
2514 2944 2532 2980 ,
2593 2905 2673 2961 ut
2709 2889 2915 2964 brevi
2949 2906 3111 2962 tem-

987 3006 1183 3103 poris
1239 3005 1465 3102 spatio
1529 3003 1719 3073 idem
1798 3002 2109 3098 optimus
2162 3029 2281 3073 rex
2346 3020 2567 3076 totam
2629 3009 3104 3104 provinciam,

987 3117 1207 3214 pulsis
1229 3116 1580 3207 hostibus,
1617 3113 1750 3184 sub
1777 3137 1979 3184 suam
2004 3113 2349 3209 redigeret
2376 3117 2745 3188 ditionem.
2777 3121 2915 3189 Cui
2944 3120 3109 3190 felici

990 3233 1189 3331 operi
1219 3249 1430 3328 atque
1482 3229 1918 3326 expeditioni
1952 3254 2117 3299 cum
2166 3233 2412 3324 etiam,
2467 3257 2602 3330 pro
2637 3259 2721 3304 ea
2756 3259 2979 3330 quam
3029 3233 3109 3305 ad

987 3350 1291 3448 patriam
1327 3371 1604 3443 semper
1643 3343 2031 3416 habuimus
2082 3347 2399 3437 caritate,
2451 3373 2668 3446 opera
2712 3365 2781 3420 et
2815 3353 3111 3422 consilio

991 3492 1141 3537 non
1169 3490 1423 3563 parum
1452 3487 1585 3559 pro
1629 3475 1873 3530 nostra
1906 3460 2083 3529 virili
2118 3461 2504 3557 adjumenti
2535 3467 3108 3557 contulissemuS,

988 3606 1073 3652 ex
1107 3581 1251 3649 hoc
1301 3579 1630 3648 effectum
1665 3590 1767 3646 est
1812 3589 1887 3643 ut
1935 3573 2024 3642 de
2057 3578 2399 3671 parvitate
2444 3596 2684 3653 nostra
2740 3595 2808 3650 et
2851 3583 3113 3676 exigui-

991 3711 1158 3784 tate,
1194 3719 1322 3792 per
1354 3708 1646 3764 cunctas
1681 3693 1896 3760 ferme
1934 3690 2322 3764 Galliarum
2356 3699 2781 3791 provincias,
2822 3698 3115 3770 celebris

991 3837 1139 3884 non
1173 3811 1627 3881 mediocriter
1653 3807 2167 3878 diffunderetur
2201 3811 2384 3883 fama
2412 3829 2621 3909 atque
2654 3818 2927 3914 opinio,

1090 3935 1252 4001 Erat
1286 3943 1457 3999 tunc
1496 3928 1568 3997 in
1610 3950 1739 3995 suo
1772 3924 2164 4018 Delfinatu,
2199 3929 2501 4001 delfinus
2539 3946 2707 4002 tunc
2755 3938 2816 4002 V
2819 3936 3111 4006 iennen-

1071 4185 1126 4238 1.
1175 4183 1320 4255 Voy.
1356 4175 1646 4234 l'll'istoire
1679 4175 1751 4232 de
1782 4174 2016 4233 Chai-les
2044 4180 2150 4234 VII
2170 4222 2184 4249 ,
2214 4179 2255 4237 l.
2285 4183 2385 4256 IV,
2418 4180 2511 4239 ch.
2546 4185 2622 4238 12
2652 4195 2707 4240 et
2736 4184 2884 4242 suiv.
