3400 5417
1023 584 1244 641 LIBER
1300 584 1601 641 SEXTUS.
2281 587 2356 643 85

242 714 448 787 Unde
505 730 576 786 et
624 716 939 814 primum
1000 716 1203 787 inviti
1274 715 1609 789 eumdem
1670 741 1879 788 suum
1915 714 2356 814 pontificem,

234 842 665 924 procurante
718 826 902 899 duce
938 828 1265 927 Philippo
1314 853 1358 900 a
1410 829 1589 900 Sede
1638 828 2029 927 apostolica
2058 852 2361 925 promo-

238 958 391 1014 tum
408 948 454 1036 ¹,
494 968 645 1027 non
673 944 983 1016 valentes
1014 943 1333 1040 ejusdem
1394 944 1702 1043 Philippi
1732 943 2108 1016 conatibus
2141 944 2363 1017 obsis·

234 1072 418 1150 tere,
456 1073 951 1156 susceperunt,
986 1084 1153 1130 cum
1184 1059 1447 1131 electus
1480 1058 1659 1130 alter
1690 1059 1933 1130 fuisset
1965 1058 2175 1131 frater
2228 1058 2362 1130 do-

238 1173 414 1244 mini
450 1174 542 1245 de
572 1172 1005 1266 Brederode,
1028 1176 1152 1273 qui
1184 1177 1598 1274 praepositus
1626 1190 1778 1247 erat
1799 1176 2106 1247 ecclesiae
2124 1178 2362 1248 Sancti

240 1290 524 1361 Martini
572 1290 1087 1386 Trajectensis'‚
1148 1291 1237 1362 de
1271 1292 1535 1363 familia
1565 1292 1844 1386 utique,
1883 1317 2040 1388 quae
2077 1316 2221 1363 una
2253 1296 2363 1366 vel

238 1406 594 1501 praecipua
652 1430 934 1505 semper
992 1405 1202 1477 fuisse
1270 1406 1488 1477 fertur
1548 1407 1995 1478 tenacissima
2052 1408 2362 1503 partium

240 1518 763 1592 Hoeckensium
797 1522 872 1592 in
905 1520 1309 1591 Hollandia.

333 1638 446 1708 Ex
489 1635 602 1707 his
634 1636 871 1731 itaque
927 1636 1147 1707 animi
1199 1633 1579 1707 latentibus
1614 1634 1912 1729 morbiS,
1971 1636 2137 1708 odia
2201 1662 2366 1709 con-

242 1764 577 1847 ceperant
610 1764 681 1822 et
705 1750 1107 1821 inimicitias
1138 1750 1610 1846 Trajectenses
1634 1750 1839 1821 multi
1873 1766 2124 1822 contra
2155 1777 2363 1824 suum

241 1864 653 1960 pontificem
680 1894 697 1955 ;
736 1890 1147 1963 quanquam
1181 1891 1267 1937 ex
1301 1865 1575 1937 civibus
1591 1866 2036 1960 gravioribus
2067 1892 2152 1938 ac
2169 1867 2364 1939 locu·

242 1980 658 2075 pletioribus
713 1981 944 2077 major
988 2006 1351 2072 numeruS,
1414 1980 1666 2079 procul
1734 1980 1988 2071 dubio,
2044 1983 2363 2077 ejusdem

239 2094 339 2165 sui
360 2096 722 2193 pontificis
741 2097 1082 2192 justitiam
1100 2151 1118 2187 ,
1137 2096 1645 2191 benignitatem
1671 2112 1883 2191 atque
1908 2096 2362 2192 prudentiam

242 2226 649 2305 pensanteS,
712 2210 923 2284 simul
990 2212 1498 2306 quietissimam
1561 2225 1633 2281 et
1698 2210 2170 2282 felicissimam
2242 2238 2364 2310 pa-

241 2349 427 2416 oem,
496 2350 715 2423 quam
778 2326 911 2398 sub
966 2351 1097 2397 suo
1150 2327 1524 2423 praesulatu
1585 2352 1714 2425 per
1773 2350 2001 2398 annos
2060 2329 2363 2425 amplius

244 2442 482 2535 viginti
520 2457 829 2537 quatuor
865 2443 1269 2515 habuerant
1316 2444 1499 2538 (quae
1546 2466 1709 2514 raro
1743 2445 1844 2516 eis
1886 2457 2033 2514 tam
2088 2443 2364 2517 diutina

242 2555 524 2631 durasse
556 2561 841 2655 cognita
872 2574 1010 2652 est,
1050 2562 1126 2631 in
1160 2558 1429 2630 saeculis
1459 2560 1883 2655 retroactis),
1924 2585 2091 2632 eum
2120 2560 2364 2656 dilige-

244 2669 439 2766 bant,
482 2688 556 2744 et
596 2689 675 2745 ut
703 2676 1103 2769 longaevum
1157 2698 1305 2745 esse
1345 2674 1420 2743 in
1447 2669 2058 2746 administratione
2091 2677 2364 2772 episco-

243 2804 437 2883 patus
490 2815 658 2861 eum
714 2789 851 2862 sibi
884 2791 1125 2863 divina
1162 2792 1385 2888 pietas
1425 2790 1760 2883 donaret,
1807 2794 1988 2863 votis
2029 2794 2360 2891 supplici-

243 2905 369 2977 bus
397 2907 901 3005 precabantur.

334 3024 454 3094 His
518 3025 757 3119 itaque
790 3025 1081 3119 aliisque
1130 3023 1461 3093 odiorum
1500 3026 1726 3094 causis
1791 3025 2126 3097 stimulati
2153 3030 2198 3112 ⁸,
2241 3028 2363 3122 qui

246 3141 666 3235 pertinacius
695 3155 924 3237 partes
958 3140 1279 3210 factionis
1303 3139 1825 3210 Hoeckensium
1852 3139 2356 3233 defendebant,

246 3254 385 3325 aliis
415 3254 1003 3345 adversabantur,
1029 3254 1150 3349 qui
1186 3279 1392 3324 suum
1422 3253 1837 3351 pontificem
1860 3256 2057 3349 sequi
2095 3280 2176 3326 ac
2203 3256 2362 3326 dili-

318 3541 371 3594 ¹.
416 3536 671 3595 Thomas
702 3535 903 3606 Rasin,
943 3535 1083 3592 dans
1124 3554 1225 3592 son
1267 3532 1516 3591 Histoire
1556 3531 1628 3589 de
1664 3531 1895 3591 Chai-les
1923 3535 2063 3602 VII,
2104 3532 2254 3590 avait
2283 3535 2366 3591 dit

246 3649 375 3688 avec
398 3632 534 3709 plus
563 3629 843 3707 d'equite‚
873 3648 944 3686 en
973 3629 1197 3707 pariant
1225 3628 1295 3685 de
1329 3628 1383 3684 la
1410 3645 1615 3704 guerre
1643 3645 1757 3702 que
1786 3625 2044 3704 Philippe
2072 3628 2126 3684 lc
2153 3630 2273 3685 Bon
2306 3630 2366 3686 fit

248 3743 349 3779 aux
389 3722 707 3797 Trajectins
745 3742 817 3779 en
862 3724 1054 3779 1456:
1097 3749 1121 3773 κ
1155 3724 1233 3778 Ut
1278 3740 1374 3777 eos
1418 3719 1489 3775 ad
1536 3719 1853 3796 parendum
1897 3720 2220 3796 apostolicis
2263 3722 2362 3779 de-

247 3818 431 3889 cretis,
472 3818 567 3874 vel
605 3817 719 3875 suis
746 3815 933 3895 potius
964 3813 1285 3885 desiderii5‚
1329 3814 1538 3871 invitos
1572 3825 1628 3869 et
1659 3812 1938 3869 coercitos
1965 3812 2293 3873 adduceret.
2333 3838 2360 3867 a,

247 3913 304 3967 T.
334 3915 355 3967 1
478 3955 491 3967 .
535 3912 674 3967 287.

323 3932 657 4061 2.’gisbert
704 4003 774 4059 de
811 4001 1164 4067 Brederode,
1208 4002 1407 4078 prcvot
1464 3999 1533 4055 de
1583 3999 1635 4056 la
1688 3999 2012 4056 cathedrale
2043 3998 2361 4056 d'Utrecbt.

252 4096 543 4154 Matthaeus
580 4117 613 4153 a
644 4096 835 4152 donni²
879 4095 1044 4152 l'acte
1094 4094 1165 4151 de
1206 4112 1309 4150 son
1350 4091 1623 4158 electiori,
1658 4090 1787 4148 date
1827 4092 1902 4147 du
1935 4097 1966 4147 7
1998 4090 2140 4149 avril
2185 4094 2362 4146 1455.

251 4192 547 4258 Analecta,
596 4202 635 4249 t.
668 4192 755 4255 11,
794 4209 851 4265 p.
889 4190 1019 4244 34⁹2.

326 4286 379 4339 3.
426 4282 629 4339 Matth.
662 4280 1099 4339 stimulantibus.
