3400 5417
860 511 933 567 ¹·ss
1406 508 1914 566 HISTORIARUM
1957 508 2312 570 LUDOVICI
2355 514 2439 568 xl

858 642 1153 711 minime
1202 639 1643 737 placerent),
1680 638 1802 709 sed
1852 662 2003 709 non
2043 664 2130 739 ‚ea
2180 639 2320 713 fide
2371 666 2500 740 per
2547 644 2820 735 omnia,
2871 644 2996 715 cui

857 772 1312 847 mercatores,
1344 754 1614 851 absque
1638 755 1905 851 ingenti
1942 757 2290 852 pericuIO,
2324 784 2399 829 se
2426 758 2772 831 auderent
2797 784 3002 831 com-

859 873 1161 944 mittere.
1228 876 1407 943 Nam
1438 871 1677 968 palam
1706 926 1725 963 ,
1772 886 1957 942 terra
2008 873 2332 969 marique
2380 872 2840 971 praedonibus
2885 876 3000 946 in-

858 985 1307 1059 cursantibus
1327 1044 1345 1080 ,
1392 988 1651 1058 sensim
1713 985 2118 1083 perturbari
2162 1003 2233 1059 et
2279 989 2530 1061 violari
2576 1004 2954 1088 coeperunt
2974 1045 2996 1081 ,

859 1104 1117 1201 praedis
1151 1118 1222 1173 et
1261 1104 1527 1201 rapinis
1566 1103 1738 1174 hinc
1779 1117 1852 1173 et
1889 1102 2058 1174 inde
2097 1103 2293 1175 factis
2316 1161 2334 1198 ,
2383 1106 2738 1179 ambabus
2783 1108 3005 1204 parti-

856 1219 997 1291 bus
1032 1220 1105 1289 in
1147 1218 1524 1292 alterutros
1581 1243 1870 1291 causam
1926 1220 2197 1317 injuriae
2233 1235 2306 1291 et
2350 1222 2633 1293 initium
2684 1237 3006 1321 rupturae

860 1335 1352 1409 referentibus.
1426 1336 1938 1408 AEstimabatur
1994 1352 2235 1407 tamen
2296 1361 2339 1408 a
2381 1339 2619 1410 multis
2667 1339 3006 1434 hujusce-

861 1456 1059 1527 modi
1094 1470 1353 1551 treugae
1386 1454 1999 1553 perturbationem
2033 1479 2076 1526 a
2104 1452 2404 1525 subditis
2433 1455 2670 1547 duciS,
2705 1454 2999 1553 quibuS,

863 1574 963 1643 uti
1001 1572 1311 1643 diximus
1334 1627 1352 1659 ‚
1385 1596 1664 1669 semper
1698 1596 1784 1642 ex
1829 1571 2032 1642 initio
2080 1570 2577 1668 displicuerat,
2621 1586 2812 1644 terra
2848 1595 3006 1644 ma-

864 1690 1065 1785 rique
1091 1688 1493 1759 inchoasse.

1550 1982 2064 2050 CAPITULUM
2115 1984 2298 2051 xm.

868 2178 948 2228 De
985 2172 1125 2227 dieta
1166 2185 1355 2226 statuta
1392 2171 1461 2225 ad
1486 2171 1917 2226 conveniendum
1951 2172 2246 2237 Cameraci,
2288 2192 2388 2245 pro
2418 2192 2549 2246 pace
2572 2173 2869 2242 tractanda,
2889 2194 3010 2247 qu·

1597 2258 1816 2310 minime
1840 2258 2115 2311 observata
2144 2259 2262 2313 suit.

966 2434 1254 2522 Fuerat,
1321 2432 1392 2501 in
1458 2431 1787 2503 faciendo
1865 2446 1935 2501 et
2011 2431 2440 2529 paciscendo
2507 2432 3010 2529 hujuscemodi

871 2561 1149 2641 treugas
1174 2602 1193 2633 ,
1246 2560 1505 2618 statuta
1562 2562 1634 2617 et
1685 2545 1954 2617 indicta
1980 2603 1998 2639 ,
2044 2545 2423 2617 ambarum
2472 2549 2781 2645 partium
2835 2573 3012 2619 con-

870 2687 1081 2733 sensu
1108 2716 1127 2752 ,
1161 2661 1354 2734 dieta
1401 2660 1832 2733 celebranda
1865 2661 2058 2759 apud
2090 2664 2556 2733 Cameracum
2579 2719 2598 2755 ,
2651 2663 2777 2734 ubi
2825 2666 3011 2759 regis

872 2795 941 2850 et
989 2779 1190 2849 ducis
1246 2778 1614 2876 deputati,
1667 2776 1760 2848 ad
1818 2776 2270 2848 tractandum
2323 2777 2412 2848 de
2463 2804 2638 2875 pace
2688 2780 2799 2851 vel
2845 2806 3013 2878 pro·

871 2895 1120 2965 lixiore
1174 2908 1460 2988 treuga,
1518 2894 1902 2964 convenire
1969 2892 2311 2964 deberent
2373 2896 2704 2992 proximo
2765 2921 3010 2968 mense

875 3010 1286 3109 septembri.
1360 3009 1797 3081 Adveniente
1849 3034 2019 3081 vero
2085 3024 2346 3081 statuto
2407 3027 2731 3110 tempore
2763 3068 2782 3103 ,
2841 3039 3010 3085 cum

876 3130 1083 3223 legati
1120 3127 1324 3199 ducis
1365 3152 1514 3198 sese
1554 3126 1750 3224 apud
1783 3126 2046 3197 dictam
2090 3126 2344 3197 urbem
2385 3130 2813 3225 recepissent
2844 3185 2862 3217 ,
2918 3130 3012 3200 le-

878 3244 1016 3338 gati
1042 3258 1111 3313 et
1138 3243 1603 3314 commissarii
1640 3243 1862 3338 regis¹
1903 3267 2049 3312 non
2086 3244 2382 3339 propius
2411 3268 2630 3339 quam
2655 3243 3008 3343 oppidum

878 3360 1466 3447 Sancti-Quintilii
1499 3359 1839 3431 accedere
1872 3359 2276 3429 voluerunt.
2323 3363 2488 3445 Quo
2524 3386 2691 3431 cum
2725 3361 2835 3452 hi,
2884 3361 3010 3457 qui

878 3482 1345 3551 Cameracum
1392 3502 1476 3546 ex
1521 3491 1721 3574 parte
1766 3475 1969 3546 ducis
2020 3475 2504 3565 advenerant,
2561 3478 2855 3547 minime
2905 3478 3010 3547 ire

882 3597 1181 3688 vellent,
1231 3619 1363 3665 nec
1407 3594 1524 3664 alii
1568 3598 2034 3665 Cameracum
2061 3649 2079 3685 ,
2111 3593 2310 3689 juxta
2355 3593 2550 3689 quod
2591 3594 3008 3664 condictum

878 3712 1266 3801 exstiterat,
1319 3709 1683 3802 accedere,
1732 3710 1899 3806 ipsis
1938 3710 2137 3803 (licet
2165 3709 2352 3779 ultro
2386 3710 2708 3807 citroque
2742 3709 3012 3779 securi-

880 3841 1057 3897 tates
1112 3840 1183 3898 et
1228 3826 1490 3897 litteras
1539 3823 1630 3894 de
1686 3826 1883 3896 salvo
1935 3823 2294 3895 conductu
2354 3826 2657 3896 invicem
2713 3824 3010 3895 offeren-

963 4072 1021 4125 1.
1068 4069 1172 4125 Ces
1198 4066 1647 4134 conunissaire5‚
1680 4084 1753 4121 au
1781 4061 2025 4121 nombre
2059 4062 2130 4119 de
2159 4064 2277 4131 six,
2311 4078 2440 4120 sont
2468 4066 2727 4120 nomines
2758 4062 2898 4119 dans
2927 4081 3006 4118 un

886 4163 1176 4238 protocole
1220 4161 1319 4239 qui
1360 4162 1459 4217 fait
1502 4160 1647 4217 suite
1682 4163 1716 4215 a
1757 4161 1922 4215 l‘acte
1957 4158 2029 4213 de
2071 4158 2124 4215 la
2163 4162 2341 4215 treve.
2387 4160 3005 4234 Lenglet-Dusresnoy‚

887 4260 1218 4327 Commines,
1252 4268 1292 4311 t.
1325 4256 1409 4310 III
1430 4298 1445 4322 ,
1476 4274 1536 4329 p.
1568 4256 1705 4313 546.
