3400 5417
1072 478 1291 534 LIBER
1331 478 1632 536 SEXTUS.
2295 480 2322 533 1
2341 481 2412 535 13

309 606 555 679 habere
599 622 839 706 posset
860 664 879 701 ,
930 607 1125 706 apud
1178 606 1514 679 eumdem
1565 606 1984 704 episcopum
2016 606 2372 681 institisset
2389 664 2408 701 ,

307 722 420 794 sed
452 722 745 795 minime
780 723 855 794 in
888 723 1031 795 hoc
1070 747 1283 795 suum
1331 722 1765 795 desiderium
1806 720 1900 794 ab
1946 746 2036 794 eo
2075 723 2419 820 potuisset

310 836 612 909 obtinere
637 894 656 929 ,
696 837 789 909 ad
822 837 1159 909 eumdem
1202 861 1442 931 regem
1484 836 1872 931 confugere
1905 837 2170 928 statuit,
2215 838 2422 934 polli-

308 979 499 1045 cenS,
542 955 597 1025 si
639 954 705 1025 ei
755 970 987 1026 certus
1024 954 1407 1026 satellitum
1437 978 1782 1026 numerus
1815 954 2236 1041 traderetur,
2283 954 2419 1029 sibi

308 1094 560 1165 suoque
607 1072 945 1142 exercitui
984 1096 1115 1169 per
1160 1085 1380 1141 terras
1417 1069 1842 1141 Leodienses
1886 1070 2022 1140 iter
2064 1070 2265 1142 facile
2309 1072 2422 1142 vel

307 1183 373 1252 in
430 1184 883 1257 Brabantiam
910 1242 929 1279 ,
992 1186 1105 1256 vel
1152 1186 1293 1257 alio
1322 1242 1339 1277 ,
1402 1210 1550 1283 quo
1616 1185 2023 1256 faciendum
2083 1186 2414 1277 duceret,

308 1302 582 1397 aperire.
635 1305 799 1388 Qua
844 1301 1355 1399 pollicitatione
1398 1301 1666 1372 excitus
1714 1325 1834 1371 rex
1873 1315 1943 1371 et
1995 1326 2413 1399 persuasuS,

307 1416 519 1487 eidem
563 1417 927 1489 Willelmo
982 1416 1294 1513 aliquam
1346 1416 1652 1488 militum
1709 1440 2006 1488 suorum
2026 1474 2046 1510 ,
2096 1419 2422 1513 exiguam

307 1546 521 1627 tamen
548 1590 565 1621 ‚
601 1558 904 1606 manum
931 1532 1366 1604 contradidit
1384 1536 1426 1601 ¹.

390 1652 561 1719 Cum
597 1673 688 1721 ea
716 1662 956 1720 autem
989 1672 1309 1719 reversus
1344 1647 1417 1717 in
1451 1648 1791 1745 patriam,
1832 1647 1921 1717 de
1955 1648 2256 1719 domino
2289 1670 2420 1720 suo

305 1765 619 1862 episcopo
674 1790 751 1836 se
795 1765 1091 1862 cupiens
1139 1762 1505 1834 vindicare
1530 1750 1558 1850 ,’
1607 1778 1901 1859 repente
1953 1778 2024 1834 et
2070 1765 2424 1861 insperate

305 1881 639 1953 civitatem
678 1881 1026 1953 Leodiuni
1050 1935 1069 1971 ,
1107 1871 1181 1951 in
1232 1903 1375 1974 qua
1420 1893 1591 1949 tunc
1628 1878 1819 1948 idem
1869 1879 2224 1951 residebat
2280 1883 2424 1980 epi·

304 2002 594 2094 scopus⁸,
622 1999 919 2095 stipatus
952 1997 1096 2068 suis
1130 1996 1404 2067 auxiliis
1435 1995 1528 2066 ad
1558 2019 1965 2086 numerum,
1997 2011 2077 2066 ut
2102 1996 2414 2088 aiebant,

302 2113 473 2184 ’circa
533 2115 730 2185 mille
783 2130 855 2185 et
904 2114 1458 2211 quingentorum
1513 2112 1874 2203 virorum,
1929 2111 2223 2185 adortus
2287 2130 2414 2186 est.

306 2228 502 2324 Cujus
560 2229 913 2301 adventus
982 2230 1295 2299 novitate
1348 2226 1718 2296 exterritus
1774 2227 2192 2325 episcopuS,
2256 2254 2420 2301 cum

308 2344 615 2416 nuntium
666 2345 1053 2442 accepisset
1102 2343 1303 2440 quod
1338 2342 1487 2438 jam
1545 2366 1692 2412 non
1747 2343 1998 2439 procul
2049 2368 2090 2413 a
2142 2345 2421 2417 civitate

306 2458 600 2554 abesset,
660 2461 812 2556 ejus
866 2462 1212 2559 impetum
1270 2459 1484 2529 armis
1532 2455 1858 2528 inhibere
1927 2473 2141 2553 atque
2205 2462 2423 2558 repri-

308 2597 479 2649 mere
517 2592 620 2647 est
661 2592 962 2647 conatus
990 2632 1007 2663 ,
1054 2573 1563 2668 mandavitque
1598 2572 1876 2643 civibus
1914 2575 2059 2644 suis
2096 2587 2167 2647 et
2198 2577 2422 2672 magi-

304 2691 613 2762 stratibus
646 2692 898 2789 populi
933 2747 951 2783 ,
990 2715 1171 2787 quos
1198 2688 1783 2783 burgimagistros
1818 2691 2218 2786 appellant,
2253 2718 2424 2789 qua-

304 2819 488 2877 tenus
538 2833 669 2906 per
725 2823 992 2878 turmas
1040 2830 1200 2877 suas
1246 2804 1378 2876 sub
1433 2804 1705 2874 vexillis
1749 2805 2211 2879 artificiorum
2262 2834 2423 2880 suo·

305 2946 487 3012 rum,
534 2923 638 2994 uti
688 2923 762 2993 in
814 2921 1314 3018 hujuscemodi
1368 2919 1538 2991 belli
1586 2920 2010 2992 tumultibus
2059 2925 2412 3018 assolent,

301 3062 434 3108 sese
479 3040 928 3133 colligerent,
995 3038 1202 3133 eique
1246 3037 1497 3106 armati
1551 3036 2006 3111 associarent.
2062 3040 2201 3110 Sed
2252 3066 2420 3111 cum
2462 3034 2471 3041 ’

302 3152 513 3224 eidem
547 3155 889 3252 episcopo
932 3176 975 3224 a
1021 3152 1317 3223 diversis
1352 3152 1800 3220 nuntiaretur
1826 3152 1977 3247 jam
2014 3152 2253 3225 hostes
2285 3158 2420 3227 im·-

304 3270 553 3343 minere
604 3285 679 3341 et
727 3270 1011 3341 concito
1062 3291 1305 3362 gressu
1350 3266 1443 3337 ad
1487 3268 2032 3362 irrumpendum
2063 3270 2418 3342 civitatem

302 3383 651 3479 festinare,
709 3386 1115 3456 existimans
1164 3409 1236 3454 se
1269 3439 1287 3474 ,
1335 3382 1463 3451 ubi
1514 3384 1990 3476 egrederetur,
2044 3387 2276 3457 statim
2319 3389 2416 3457 ci-

370 3568 425 3624 1.
465 3592 488 3616 α
521 3568 607 3624 Ne
638 3584 775 3641 scay
804 3564 889 3620 s'il
920 3562 1244 3620 descouvrit
1284 3582 1345 3617 sa
1384 3562 1695 3618 maulvaisc
1734 3563 1963 3619 volenti*
1991 3583 2065 3621 au
2101 3585 2206 3641 roy
2240 3571 2412 3643 L055‚

299 3676 385 3713 car
427 3658 463 3715 il
500 3678 575 3717 ne
613 3658 695 3716 lui
731 3659 890 3714 voult
931 3655 1205 3713 accordcr
1241 3655 1514 3711 aulcunes
1552 3675 1690 3731 gens
1733 3655 1804 3711 ‹le
1847 3676 1935 3711 ses
1980 3656 2411 3731 ordonnancvs3

300 3752 425 3806 mais
460 3752 495 3807 il
541 3751 747 3808 cueilla
780 3754 811 3806 ἐι
850 3750 1131 3806 l'environ
1174 3748 1245 3805 de
1274 3748 1429 3804 Paris
1461 3762 1513 3803 et
1552 3749 1780 3805 ailleurs
1808 3750 2048 3806 aulcuns
2078 3754 2417 3827 gendarum-

298 3843 481 3901 reaulx
516 3847 626 3902 mal
671 3845 989 3921 ciiipoinct,
1031 3863 1100 3899 cn
1146 3840 1389 3898 nombre
1432 3841 1504 3896 de
1550 3856 1754 3918 quatre
1792 3862 1928 3899 cens
1968 3844 2315 3914 chevaliers,
2362 3863 2417 3905 et

296 3937 519 3996 aulcuns
566 3940 792 4016 pictoris
841 3952 895 3994 et
940 3950 1266 4017 pageastrcs
1314 3936 1427 3993 mal
1467 3934 1748 4006 habillez,
1797 3936 1895 4011 qui
1938 3936 1991 3993 le
2020 3940 2342 4013 suyvoivnt.
2386 3969 2409 3991 .-

296 4031 547 4101 Molinet‚
580 4046 624 4092 t.
658 4036 746 4101 11,
773 4032 942 4108 cliap.
975 4050 1262 4089 Lxxxvm.

369 4126 423 4181 2.
469 4124 759 4199 L'echue
806 4124 940 4180 ctait
996 4126 1027 4178 ἱι
1075 4126 1239 4197 Huy;
1279 4122 1422 4179 mais
1460 4121 1495 4177 il
1536 4142 1596 4178 se
1644 4122 1830 4179 rendit
1873 4127 1904 4180 ὸ
1949 4126 2120 4202 Liege
2161 4126 2412 4203 lorsqu'il

296 4215 470 4290 apprit
499 4216 761 4273 l'arrivee
788 4215 859 4271 de
888 4214 1211 4271 Guillaume
1240 4214 1309 4271 de
1338 4218 1419 4271 La
1448 4216 1660 4274 Mai-ck.

526 4329 597 4364 ut
738 4347 745 4367 .
2058 4314 2092 4365 8
