3400 5417
915 469 1030 526 ¹44
1465 466 1978 524 ffls'romARUM
2018 463 2381 522 Lunovlct
2417 464 2501 520 xl

913 616 1071 673 sent
1102 657 1121 694 ,
1173 599 1642 672 nihilominus
1692 599 1995 699 spoliata
2041 613 2113 670 et
2156 612 2471 672 cremata
2513 595 2666 669 suit.
2706 598 2877 684 Quae
2930 619 3039 666 res

911 717 1222 816 amplius
1272 730 1564 788 caeteros
1583 771 1600 804 ,
1653 717 1779 811 qui
1840 716 2104 813 pariter
2160 739 2233 786 se
2289 714 2775 806 redemerant,
2828 711 3039 784 vehe-

915 849 1188 907 menter
1231 834 1608 925 exterruit‚
1657 833 1755 903 ita
1800 847 1880 903 ut
1930 831 2237 930 amplius
2287 855 2507 902 nemo
2548 855 2679 928 per
2720 829 3041 926 hujusce·

913 949 1114 1021 modi
1146 948 1675 1047 redemptiones
1709 972 1783 1019 se
1812 963 2047 1020 tutum
2082 947 2231 1018 fore
2266 961 2651 1045 reputaret.

1650 1244 2170 1315 CAPITULUM
2220 1243 2307 1312 V.

911 1453 1202 1520 Quomodo
1239 1455 1380 1506 cives
1415 1453 1779 1523 Trajectenses
1811 1453 2048 1523 potiores
2075 1454 2261 1523 jugum
2291 1451 2581 1524 tyrannica
2606 1448 2985 1504 dominationis
3012 1469 3043 1504 a

987 1538 1091 1591 suis
1109 1538 1406 1591 cervicibus
1431 1549 1793 1605 excusserunt,
1820 1535 1988 1588 missis
2015 1535 2069 1587 in
2090 1553 2357 1588 carcerem
2371 1535 2633 1607 tyrannis,
2655 1548 2708 1588 et
2726 1553 2881 1588 suum
2902 1554 3044 1608 pon-

986 1624 1178 1677 tificem
1200 1624 1463 1696 optimum
1488 1623 1547 1675 in
1566 1623 1831 1677 civitatem
1857 1641 2005 1675 suam
2030 1634 2340 1694 receperunt
2365 1641 2485 1674 cum
2510 1623 2771 1694 applausu
2792 1641 2983 1693 magno
3000 1625 3040 1674 ¹.

1019 1790 1282 1862 Videns
1317 1806 1556 1862 autem
1593 1791 1907 1890 populus
1949 1791 2413 1886 Trajectensis
2459 1815 2531 1860 se
2587 1791 2850 1862 totiens
2898 1790 3045 1862 fore

915 1932 1044 2006 per
1093 1932 1261 1978 suos
1315 1922 1660 2004 tyrannos
1709 1907 2072 1998 delusum,
2111 1907 2236 2002 qui
2294 1907 2362 1975 in
2424 1920 2533 1976 tot
2575 1905 3045 1977 conventibus

914 2049 1048 2124 pro
1083 2025 1455 2096 tractanda
1506 2050 1682 2124 pace
1729 2024 1992 2096 habitis
2039 2024 2217 2097 nihil
2252 2025 2539 2123 penitus
2578 2025 2903 2096 votivum
2944 2049 3045 2095 re-

915 2139 1303 2239 portabant
1326 2196 1344 2230 ,
1392 2142 1568 2238 quin
1615 2142 1853 2239 potius
1888 2140 1980 2212 ab
2014 2139 2282 2212 eisdem
2321 2141 2677 2238 tyranniS,
2713 2141 2880 2213 licet
2911 2140 3043 2211 fre-

916 2272 1216 2353 quenter
1273 2281 1524 2328 omnes
1580 2256 1896 2327 honestae
1954 2270 2021 2326 et
2081 2255 2539 2328 rationabiles
2596 2255 3049 2328 conditiones

916 2374 1109 2470 pacis
1141 2373 1241 2444 eis
1276 2371 1529 2444 oblatae
1563 2370 1893 2463 fuissent,
1934 2372 2170 2470 palam
2220 2371 2492 2443 dictum
2541 2386 3046 2472 protestatum-

916 2512 1056 2582 que
1099 2487 1339 2560 fuisset
1383 2488 1582 2583 quod
1625 2489 1873 2558 citius²
1906 2487 2152 2558 omnia
2190 2501 2502 2559 extrema
2545 2512 2772 2587 usque
2804 2487 2899 2560 ad
2948 2487 3045 2558 ci-

914 2606 1110 2674 vium
1167 2604 1492 2675 omnium
1556 2605 2119 2674 internecionem
2180 2618 2250 2674 et
2292 2605 2621 2676 ultimum
2674 2605 3045 2677 hominem

915 2720 1239 2790 relictum
1302 2720 1766 2810 sustinerent,
1837 2744 2054 2816 quam
2121 2718 2321 2814 quod
2375 2720 2577 2818 pium
2631 2720 3047 2818 pontificem

915 2861 1126 2905 suum
1170 2859 1490 2930 unquam
1531 2836 1604 2904 in
1641 2834 2020 2905 dominum
2057 2860 2267 2905 suum
2302 2852 2927 2931 recognoscerent,
2960 2837 3045 2908 de

916 2975 1093 3046 pace
1123 2950 1630 3048 componenda
1678 2966 1801 3021 aut
1856 2950 2312 3023 reformanda
2357 2953 2642 3050 penitus
2675 2952 3046 3051 desperare

916 3080 1309 3163 coeperunt.
1354 3065 1734 3138 Crescebat
1771 3069 1851 3146 in,
1887 3066 2037 3137 dies
2074 3065 2293 3138 sames
2342 3092 2424 3139 ex
2480 3071 2780 3167 penuria
2828 3086 2899 3141 et
2939 3095 3044 3141 ca·

916 3180 1111 3251 ristia
1139 3205 1468 3272 annonae,
1515 3207 1646 3252 nec
1681 3196 2113 3253 mercatores
2149 3197 2271 3253 aut
2306 3182 2609 3254 artifices
2654 3184 3043 3283 quidquam

916 3295 1093 3365 lucri
1148 3296 1258 3366 vel
1319 3322 1404 3366 ex
1454 3294 1755 3367 artificio
1782 3352 1799 3386 ‚
1843 3295 1954 3364 vel
1999 3321 2083 3366 ex
2125 3298 2609 3390 negotiatione
2659 3299 2891 3371 facere
2932 3325 3047 3398 po·

919 3425 1180 3482 terant.
1240 3413 1573 3484 Similiter
1622 3437 1755 3482 nec
1819 3412 2087 3504 clerus,
2140 3438 2271 3484 nec
2321 3414 2767 3488 honestiores
2821 3419 3037 3499 civeS,

918 3527 1178 3622 quibus
1234 3530 1680 3601 consuetudo
1739 3530 1966 3600 fuerat
2019 3531 2108 3602 de
2160 3534 2466 3630 propriis
2522 3534 2758 3607 vivere
2814 3535 3044 3608 rediti-

917 3643 1090 3736 lnm,
1140 3645 1530 3740 quidquam
1586 3646 1752 3717 inde
1792 3663 2117 3743 poterant
2164 3651 2573 3748 percipere3
2616 3666 2687 3723 et
2732 3653 3045 3750 plerique

932 3761 1092 3855 qui,
1143 3761 1199 3829 si
1248 3762 1514 3857 aliquid
1562 3762 1895 3860 pusillum
1934 3765 2103 3834 olim
2143 3789 2225 3835 ex
2275 3767 2712 3862 patrimonio
2766 3767 2900 3840 sibi
2944 3792 3045 3837 re-

1005 4015 1063 4069 1.
1107 4010 1375 4089 Chapitre
1420 4013 1682 4090 imprime
1722 4012 1864 4070 dans
1903 4014 1984 4070 les
2032 4020 2308 4071 Analecta
2344 4018 2414 4073 de
2456 4019 2755 4077 Matthaeus
2807 4035 2860 4078 et
2904 4023 3037 4078 dans

921 4105 1329 4180 l'Ample'ssima
1360 4111 1627 4161 collectio.

1001 4200 1060 4256 2.
1108 4198 1404 4255 Mattbaeus
1435 4208 1567 4275 quia
1594 4208 1801 4273 potius.
