3400 5417
1099 572 1321 641 LIBER
1376 578 1677 643 PRIMUS.
2340 580 2454 643 327

314 732 454 811 pro
488 710 632 783 fide
664 726 938 785 sacrata
969 713 1151 785 nihil
1181 714 1376 787 aliud
1406 716 1766 787 invenitur
1802 732 2020 814 quam
2052 716 2353 816 perfidia
2385 722 2454 791 et

312 828 823 920 inconstantia,
856 826 983 899 uhi
1016 829 1399 901 saevissimo
1433 829 1727 901 inimico
1756 845 2036 902 tantum
2053 834 2216 903 licet
2233 854 2457 930 qnan-

314 956 475 1015 tum
510 942 711 1037 libet,
745 946 805 1015 si
834 945 994 1041 quis
1023 945 1088 1016 ei
1115 968 1190 1015 se
1216 946 1579 1043 vitamque
1606 968 1811 1017 suam
1843 946 2246 1039 crediderit,
2283 948 2454 1020 etin

312 1058 532 1151 illud,
572 1060 771 1157 quod
806 1061 921 1132 vel
954 1060 1295 1158 insipiens
1330 1062 1631 1158 quisque
1667 1061 2046 1160 providere
2092 1076 2164 1134 et
2210 1086 2460 1135 cavere

314 1172 719 1267 periculum
774 1171 1057 1263 debuit,
1119 1187 1556 1270 spontaneus
1600 1197 1675 1245 se
1727 1175 2095 1268 immittat,
2139 1175 2458 1272 profecto

314 1310 456 1359 nec
490 1290 701 1362 venia
731 1311 867 1361 nec
902 1290 1355 1363 miseratione
1384 1290 1641 1385 dignus
1672 1292 1959 1362 exsistit.

416 1407 557 1479 Sed
591 1424 739 1479 non
790 1407 1040 1500 modo,
1078 1408 1185 1478 uti
1220 1406 1555 1499 diximuS,
1593 1421 1826 1478 metus
1859 1406 2272 1503 hujusmodi
2304 1408 2458 1504 (qui

312 1537 559 1595 tamen
608 1524 898 1597 abunde
940 1524 1032 1597 ad
1084 1524 1230 1596 hoc
1276 1523 1634 1595 sufficiens
1669 1548 1820 1595 esse
1866 1521 2143 1621 debuit)
2181 1547 2223 1594 a
2263 1546 2460 1620 repe·

313 1640 541 1711 tendo
580 1643 906 1739 proprias
946 1641 1150 1713 sedes
1194 1654 1264 1712 et
1298 1638 1392 1712 ab
1425 1638 1920 1712 incumbendo
1961 1639 2210 1711 crediti
2249 1638 2462 1709 nobis

314 1756 667 1829 dominici
717 1759 943 1853 gregis
992 1778 1178 1827 curae
1221 1781 1307 1829 ac
1358 1756 1683 1850 regimini
1724 1780 1858 1825 nos
1895 1754 2158 1847 tenuit,
2199 1754 2324 1825 sed
2357 1754 2462 1824 vis·

314 1874 645 1969 praecisa,
704 1876 822 1946 cui
879 1872 1259 1972 praevalere
1318 1872 1520 1945 nullo
1572 1870 1797 1944 modo
1857 1891 2272 1968 possumus;
2332 1882 2463 1968 pet·

315 2004 541 2084 quam
582 2014 733 2062 non
766 1986 991 2063 modo
1037 2013 1172 2062 nec
1218 1990 1423 2062 dictae
1460 1987 1878 2061 incumbere
1910 2010 2122 2079 curae,
2163 1985 2289 2057 sed
2328 2002 2463 2055 nee

316 2104 684 2178 dioecesim
719 2107 1023 2202 ingredi,
1059 2125 1192 2177 nec
1220 2108 1422 2201 regni
1467 2102 1997 2203 portiunculam
2035 2122 2461 2201 quamcum-

316 2241 461 2317 que
490 2223 803 2296 incolere
840 2247 965 2295 seu
996 2223 1319 2296 habitare
1346 2223 1667 2321 permissi
1707 2242 1973 2292 sumus,

418 2340 740 2409 Tentavit
793 2338 1065 2435 aliquid
1116 2360 1319 2434 agere
1374 2361 1510 2435 pro
1558 2334 1771 2408 nobis
1820 2350 1983 2407 ante
2031 2336 2455 2428 triennium,

314 2450 481 2523 licet
524 2476 567 2524 a
605 2454 815 2525 nobis
857 2455 1153 2526 minime
1204 2452 1618 2550 requisituS,
1670 2475 2055 2547 generosus
2086 2464 2158 2521 et
2207 2466 2462 2549 potens

318 2567 699 2658 dominus,
749 2571 1061 2641 domnus
1104 2569 1195 2641 de
1238 2569 1683 2660 Castilione²,
1743 2567 1954 2638 frater
1993 2567 2279 2638 illustris
2323 2593 2459 2638 co-

316 2688 509 2761 mitis
534 2689 623 2759 de
648 2688 957 2778 Lamnae,
985 2689 1175 2759 circa
1206 2686 1381 2758 illud
1410 2686 1631 2757 ferme
1655 2701 1938 2782 tempus
1955 2709 2129 2781 quc,
2154 2685 2462 2783 abrupto

316 2804 713 2874 arctissimo
764 2804 888 2875 illo
954 2805 1213 2876 soedere
1273 2801 1473 2900 quod
1529 2804 1715 2873 inter
1771 2814 2012 2895 regem
2060 2800 2466 2898 ducemque

322 2920 922 3013 Burgundionum
954 2920 1149 3018 apud
1191 2922 1538 2993 Peronam
1585 2938 2002 3015 percussum
2039 2917 2299 3010 fuerat,
2339 2944 2459 2990 rex

319 3034 690 3107 Ambianis
721 3052 791 3108 et
818 3036 1618 3122 Sanctum-Quintinum
1657 3033 1892 3103 eidem
1920 3033 2083 3103 duci
2112 3029 2454 3107 abstulit².

318 3151 464 3222 Sed
498 3176 646 3221 non
682 3151 877 3223 aliud
913 3177 1049 3249 pro
1078 3152 1289 3222 nobis
1322 3151 1554 3247 potuit
1588 3147 1917 3220 obtinere
1952 3170 2170 3243 quam
2197 3150 2462 3221 litteras

316 3266 690 3360 cujusdam
737 3268 1155 3358 securitatiS,
1208 3292 1339 3363 per
1386 3290 1602 3362 quam
1652 3264 2069 3359 indulgebat
2104 3291 2226 3336 rex
2262 3267 2460 3361 quod

317 3406 566 3453 secure
590 3407 756 3452 cum
788 3381 1051 3452 familia
1077 3396 1147 3451 et
1171 3380 1385 3451 bonis
1416 3405 1789 3479 possemus
1815 3380 2058 3449 venire
2089 3380 2179 3449 ad
2207 3380 2456 3450 urbem

322 3499 901 3569 Aurelianensern
937 3512 1005 3568 et
1043 3522 1203 3568 eam
1240 3501 1530 3587 intrare,
1569 3497 1856 3592 illicque
1898 3509 2079 3565 stare
2113 3511 2324 3592 atque
2359 3522 2462 3566 re-

320 3616 589 3685 morari
623 3613 891 3708 absque
926 3613 1163 3708 aliqua
1208 3612 1373 3682 inde
1410 3611 1818 3708 egrediendi
1858 3611 2208 3703 facultate,
2249 3626 2464 3709 atque

320 3731 415 3801 de
445 3732 679 3820 nobis,
706 3744 921 3828 prout
950 3728 1084 3799 sibi
1109 3728 1386 3817 liberet,
1426 3729 1567 3799 illic
1596 3752 1798 3798 suam
1822 3728 2135 3824 opperiri
2168 3727 2468 3824 disposi-

321 3847 595 3917 tionem
645 3862 711 3918 et
756 3848 1225 3917 voluntatem.
1281 3844 1498 3938 Cujus
1551 3844 1944 3915 securitatis
1979 3869 2144 3914 cum
2192 3843 2283 3915 ad
2335 3870 2466 3914 nos

406 4057 465 4115 1.
511 4053 685 4111 Louis
730 4053 803 4110 de
834 4052 1115 4112 Chatillon
1141 4100 1155 4126 ,
1196 4052 1377 4131 grand
1413 4048 1616 4108 maine
1656 4062 1710 4107 et
1758 4050 2139 4105 reformateur
2178 4048 2280 4105 des
2315 4063 2464 4105 eaux

323 4162 377 4205 et
410 4148 616 4218 soretS,
649 4148 799 4204 frere
829 4148 900 4204 de
935 4148 1047 4204 Gui
1067 4191 1083 4217 ,
1116 4158 1305 4203 comte
1335 4146 1406 4202 de
1434 4141 1611 4201 Lava}
1638 4186 1654 4210 ‚
1702 4145 1858 4199 ΧΝυ
1887 4142 1965 4198 du
1995 4162 2131 4198 nom
2155 4185 2170 4212 ‚
2212 4154 2270 4199 et
2312 4144 2462 4199 aussi

322 4241 581 4302 d'Andre
610 4241 682 4297 de
710 4242 887 4298 Laval
910 4286 925 4311 ,
962 4241 1072 4298 sire
1096 4241 1169 4297 de
1196 4240 1425 4297 Loheac
1446 4282 1461 4310 ,
1496 4240 1595 4312 qui
1628 4236 1716 4292 sut
1749 4236 2038 4293 marecha!
2077 4235 2149 4292 de
2179 4239 2417 4294 France.

405 4339 463 4392 2.
514 4342 601 4393 Αιι
629 4348 1127 4393 commencement
1158 4332 1229 4389 de
1257 4332 1372 4388 l'an
1408 4334 1586 4390 11471.
1619 4334 1764 4405 Voy.
1801 4342 1841 4387 t.
1875 4332 1955 4401 11,
1987 4350 2046 4405 p.
2083 4333 2220 4387 2127.
