3400 5417
999 559 1216 618 LIBER
1281 559 1664 617 SEPTIMUS.
2280 563 2395 619 165

267 693 433 766 dum
467 693 901 792 adimplerit,
951 694 1117 768 satis
1163 709 1492 765 constare
1539 693 1931 790 unicuique
1964 708 2223 791 potest,
2273 697 2395 791 qui

265 825 633 884 tractatum
681 808 968 882 soederis
1009 810 1195 882 inter
1229 833 1306 881 se
1351 824 1421 881 et
1462 810 1799 882 eumdem
1833 811 2399 882 Maximilianum

263 925 515 1021 legere¹
549 927 932 1016 curaverit,
985 951 1115 1024 per
1154 950 1371 1024 quem
1426 950 1751 1024 expresse
1792 925 2086 996 eosdem
2131 926 2400 1021 Trajec-

264 1057 485 1114 tenses
515 1043 865 1136 excludit,
906 1057 1118 1140 atque
1157 1042 1498 1114 adversus
1530 1068 1657 1115 eos
1691 1058 1763 1114 et
1808 1042 2069 1113 ducem
2118 1042 2399 1114 Cliven·

261 1185 401 1231 sem
430 1161 919 1234 Maximiliano
955 1160 1434 1259 praestiturum
1463 1161 1724 1233 auxilia
1760 1184 1835 1231 se
1867 1159 2241 1257 promittit.

350 1281 544 1348 Dum
580 1301 752 1349 vero
803 1277 996 1349 idem
1030 1276 1554 1348 Maximilianus
1591 1274 1829 1346 adhuc
1863 1289 2091 1346 castra
2127 1289 2402 1345 teneret

260 1407 414 1465 ante
453 1393 725 1466 dictam
770 1393 1293 1488 Trajectensem
1337 1392 1724 1483 civitatem,
1777 1415 2109 1487 eamque,
2150 1391 2254 1461 uti
2293 1415 2400 1461 re-

259 1508 580 1615 tulimrm,
652 1507 1035 1580 obsidione
1098 1510 1652 1602 constringeret,
1716 1507 2015 1600 contigit
2063 1505 2398 1577 eumdem

259 1626 725 1726 Ludovicung,
755 1631 1197 1696 Francorum
1232 1640 1402 1696 tunc
1437 1649 1702 1719 regern,
1727 1624 1866 1695 hac
1890 1622 2204 1694 instabili
2236 1623 2396 1694 luce

257 1741 551 1815 deficere
588 1743 706 1815 die
739 1767 910 1814 xxxx
946 1744 1211 1815 mensis
1239 1742 1576 1836 augusti’,
1616 1765 1811 1812 anno
1846 1740 2137 1838 praesato
2172 1740 2400 1810 domi-

260 1860 424 1930 nicae
468 1861 991 1932 incarnationis
1034 1859 1598 1932 Mocccnxxnn'.
1658 1858 1800 1944 Qui
1853 1857 2129 1953 praefuit
2176 1880 2400 1951 regno

256 1999 474 2047 annos
509 1978 763 2073 viginti
793 1977 1005 2068 duOS,
1057 2000 1376 2047 mensem
1407 1999 1663 2064 unum,
1706 1972 1856 2044 dies
1886 1973 2164 2042 circiter
2197 1987 2391 2063 oct0‚

255 2117 294 2163 a
321 2092 433 2164 die
470 2091 717 2164 obitus
741 2094 961 2191 patris
989 2093 1098 2163 sui
1132 2091 1352 2163 felicis
1384 2089 1926 2161 recordationis.
1955 2087 2172 2182 Cujus
2201 2112 2396 2158 mors

256 2223 319 2277 et
361 2210 700 2280 transitus
742 2209 998 2307 procul
1042 2207 1271 2279 dubio
1317 2205 1683 2296 omnibus,
1724 2229 1874 2275 non
1923 2202 2147 2273 modo
2196 2203 2392 2296 regni

255 2325 530 2415 accoli5,
566 2349 750 2421 quos
777 2325 1156 2396 durissima
1188 2325 1522 2394 servitute
1550 2337 1619 2392 et
1655 2321 1954 2392 immani
1982 2320 2242 2414 jugiter
2269 2344 2395 2415 op-

257 2456 596 2536 presserat
630 2441 1034 2538 tyrannide‚
1090 2441 1393 2536 ingentis
1454 2438 1691 2533 gaudii
1742 2437 2113 2508 materiam
2149 2435 2389 2524 dedit,

256 2558 370 2628 sed
403 2575 474 2630 et
506 2559 852 2630 omnibus
896 2558 1214 2628 finitimis
1268 2557 1683 2627 nationibus
1726 2555 1819 2625 ad
1865 2579 2041 2650 quas
2084 2578 2225 2623 suae
2261 2552 2392 2620 im-

257 2675 624 2770 probitatis
649 2700 731 2747 30
764 2674 1164 2772 tyrannidis
1196 2674 1384 2744 sama
1419 2686 1843 2770 pervenerat
1875 2697 1889 2740 :
1936 2693 2091 2765 quw.
2132 2668 2390 2738 nimio*

257 2811 596 2880 percussae
634 2802 855 2880 metu,
896 2801 1174 2857 tantum
1213 2785 1380 2856 inde
1413 2785 1663 2855 laetitiae
1690 2798 1760 2853 et
1795 2781 2173 2853 alacritatis
2210 2780 2395 2850 acci-

255 2903 536 3000 piebant
576 2920 648 2975 et
682 2904 773 2976 de
813 2904 964 2998 ejus
1000 2918 1229 2974 morte
1271 2902 1865 2990 consolationem,
1908 2913 2257 2995 quantum
2293 2898 2393 2966 eis

258 3022 462 3118 ipsius
502 3023 656 3094 vita
693 3021 1029 3114 injecerat
1071 3021 1465 3102 anxietatiS,
1524 3017 1822 3116 periculi
1877 3033 2090 3108 atque
2133 3013 2391 3085 sollici-

257 3139 534 3208 tudinis,

985 3380 1502 3446 CAPITULUM
1553 3381 1638 3444 lx
1653 3429 1668 3444 .

325 3563 397 3611 De
417 3558 738 3611 habitudine
766 3577 1004 3628 personat
1029 3556 1264 3628 ejusdem
1295 3554 1552 3607 Lndovici
1578 3569 1626 3607 et
1655 3553 1721 3606 de
1745 3553 1900 3606 variis
1936 3553 2320 3604 venationibus.

353 3727 452 3791 De
487 3720 815 3791 moribus
867 3735 1102 3790 antem
1149 3734 1210 3788 ei
1263 3716 1801 3788 conditionibus
1848 3722 1997 3811 ejus
2031 3716 2156 3783 etsi
2192 3714 2393 3811 plura

257 3862 464 3933 supra
505 3837 905 3924 retulimus,
964 3851 1392 3914 nontamen
1432 3835 1713 3903 videtur
1748 3831 2131 3921 absomnn,
2172 3833 2225 3901 si
2265 3833 2397 3902 alia

334 4047 388 4100 1.
437 4048 547 4100 MS.
588 4049 714 4118 legi.

331 4140 390 4195 2.
437 4137 615 4192 Louis
643 4140 726 4192 xl
758 4149 988 4192 mourut
1020 4136 1072 4191 lc
1103 4139 1177 4191 30
1207 4139 1340 4192 amit
1370 4180 1382 4203 ‚
1428 4139 1454 4190 ἔι
1489 4136 1635 4191 neus
1659 4134 1823 4190 heim
1844 4161 1866 4184 s
1898 4135 1971 4190 dn
2001 4136 2136 4190 sois.

334 4235 387 4285 lt.
440 4230 516 4286 lei
551 4231 784 4284 §arri-te
813 4227 1054 4285 l'exu·;1it
1091 4230 1285 4303 publii·
1319 4249 1419 4303 pm·
1454 4229 1771 4283 Mantiniam.

327 4329 382 4378 ἐι.
437 4329 694 4395 Quarum
726 4323 868 4378 dans
901 4322 952 4377 lv
986 4344 1088 4375 nm.

3325 539 3328 552 -
3315 447 3328 494 -2
3314 203 3329 430 ’μ’-,Δ
3302 0 3329 174 ’.ηιμ

3323 1139 3328 1148 ι
3320 1051 3328 1090 4-
3316 879 3328 1008 A-—--
3312 753 3329 852 ψ
3314 641 3328 716 -J-
