3400 5417
1021 491 1136 548 ’Ἧι
1876 487 2255 549 nomeu
2273 531 2290 560 ,

1015 628 1562 702 illustrissimum
1578 624 2007 724 principem,
2039 639 2211 697 tunc
2242 625 2582 696 comitem
2602 623 2697 695 de
2726 621 3145 722 Charoloys,

1021 765 1189 816 cum
1241 741 1581 818 omnibus
1611 765 1754 812 suae
1796 755 2011 837 atque
2062 754 2375 838 paternae
2424 739 2689 811 militiae
2718 739 2955 836 copiis
2996 743 3152 814 satis

1021 860 1326 955 graviter
1396 872 1827 956 occupatum
1891 854 2231 930 adversus
2292 855 2668 954 praedictos
2732 855 3115 928 Eburones
3128 912 3147 946 ,

1021 997 1205 1074 quos
1237 978 1388 1074 ipse
1434 988 1688 1047 contra
1732 995 1897 1046 eum
1926 974 2001 1045 in
2036 995 2239 1046 arma
2284 971 2716 1058 concitarat,
2768 996 2913 1043 nec
2952 995 3150 1070 posse

1018 1117 1187 1165 eum
1219 1107 1393 1163 tunc
1438 1090 1869 1162 defensionis
1923 1089 2183 1162 auxilia
2229 1111 2573 1184 germano
2611 1111 2747 1160 suo
2794 1101 3146 1186 praestare.

1017 1209 1161 1282 Sed
1211 1213 1268 1281 si
1319 1211 1392 1281 in
1441 1207 1850 1307 recipienda
1892 1207 2333 1280 Normannia
2386 1221 2458 1277 et
2504 1205 2941 1304 expellendo
2996 1205 3151 1276 inde

1019 1345 1365 1422 germano
1413 1350 1545 1397 suo
1603 1323 2089 1422 obtorpuisset
2108 1373 2127 1412 ‚
2186 1347 2277 1394 ne
2332 1321 2572 1394 eidem
2627 1345 2763 1394 suo
2814 1345 3149 1417 germano

1019 1445 1480 1518 auxiliaturus
1531 1456 1957 1533 accurreret,
2010 1440 2461 1539 compescitis
2516 1437 2957 1510 Eburonum
3007 1463 3151 1508 mo-

1019 1559 1236 1652 tibus,
1266 1575 1388 1632 aut
1405 1561 1649 1657 copias
1665 1581 1827 1630 suas
1845 1557 1938 1630 ad
1957 1559 2193 1656 ipsum
2218 1556 2756 1628 defendendum
2775 1555 3151 1629 destinaret

1016 1700 1198 1775 saepe
1238 1675 1470 1747 dictus
1508 1676 1796 1747 illustris
1827 1699 2071 1746 comes
2102 1673 2196 1745 de
2226 1672 2643 1768 Charoloys,
2682 1697 2803 1744 rex
2854 1675 3013 1770 ipse
3054 1697 3151 1742 ve·

1017 1793 1391 1863 hementer
1407 1790 1791 1863 verebatur
1808 1815 1829 1881 ς
1859 1804 1928 1861 et
1946 1805 2326 1889 propterea
2350 1813 2603 1859 omnes
2618 1802 2929 1860 conatus
2952 1803 3151 1885 atque

1015 1908 1234 1999 vires,
1278 1932 1455 2003 quas
1496 1922 1670 1978 tunc
1706 1905 1974 1977 habere
2011 1919 2327 2003 poterat,
2372 1903 2711 2004 expendit
2754 1919 2873 1996 ut,
2930 1919 3151 1976 matu-

1018 2025 1165 2096 rius
1194 2048 1341 2120 quo
1376 2037 1616 2122 posset
1636 2079 1654 2115 ‚
1689 2023 1985 2095 fratrem
2016 2047 2227 2093 suum
2262 2021 2715 2116 Rothomago
2754 2035 2833 2091 et
2868 2032 3028 2092 tota
3056 2045 3154 2092 ex-

1017 2141 1312 2237 pelleret
1363 2140 1829 2211 Nol-mannia.
1875 2139 2043 2209 Vias
2078 2139 2294 2210 etiam
2328 2163 2581 2210 omnes
2620 2152 2841 2233 atque
2880 2139 3150 2224 itinera,

1015 2253 1280 2351 quibus
1317 2255 1409 2327 ad
1439 2270 1701 2326 terram
1730 2254 1931 2326 ducis
1969 2254 2395 2353 Burgundiae
2419 2281 2503 2327 ex
2538 2257 2991 2328 Nox-mannia
3040 2279 3155 2354 pa·

1025 2386 1167 2442 tere
1207 2373 1552 2468 potuisset
1605 2395 1969 2463 accessm,
2026 2384 2171 2441 tam
2224 2384 2470 2442 exacta
2508 2371 2879 2464 vigilantia
2926 2370 3155 2442 obser·

1021 2489 1168 2559 vari
1212 2489 1418 2580 fecit,
1462 2503 1540 2558 ut
1590 2490 1707 2558 vix
1755 2513 1841 2558 ex
1884 2511 2032 2559 una
2078 2502 2266 2559 terra
2310 2487 2387 2557 in
2443 2487 2739 2559 alteram
2789 2488 2913 2559 vel
2966 2487 3157 2585 lepus

1017 2605 1315 2675 transire
1335 2604 1703 2703 potuisset.
1732 2605 1847 2674 Fu
1850 2618 2120 2676 matum
2138 2603 2458 2702 profecto
2485 2618 2637 2676 erat
2653 2604 2843 2674 inter
2866 2620 3159 2702 utraque

1020 2716 1344 2791 dominia
1366 2745 1712 2816 magnum
1740 2735 1811 2790 et
1840 2719 2465 2817 expavescendum
2492 2718 2749 2810 chaos,
2772 2721 2877 2794 ita
2896 2735 2981 2793 ut
2996 2721 3159 2792 nulli

1019 2861 1106 2906 ex
1141 2861 1289 2906 uno
1331 2837 1406 2906 in
1440 2835 1635 2907 aliud
1669 2835 1940 2930 absque
1972 2837 2317 2906 eminenti
2349 2838 2597 2907 mortis
2619 2837 2951 2935 periculo
2986 2854 3161 2910 tran·

1023 2952 1198 3021 situs
1231 2965 1525 3048 pateret.
1551 2950 1794 3038 Quod,
1820 2950 2007 3048 proh
2042 2949 2283 3021 dolor!
2314 2951 2554 3048 plures
2580 2977 2652 3023 se
2672 2953 2797 3023 tali
2822 2953 3161 3050 objicien-

1025 3080 1127 3136 tes
1156 3068 1502 3164 periculo‚
1539 3067 1721 3137 tristi
1747 3082 1816 3137 et
1844 3067 2181 3140 exitiabili
2216 3069 2608 3139 infortunio
2642 3067 3152 3167 probaverunt.

1129 3185 1350 3254 Cessit
1380 3185 1593 3279 igitur
1627 3185 1939 3255 fraterno
1975 3185 2197 3256 furori
2235 3198 2446 3279 atque
2494 3185 2729 3283 impiis
2758 3187 2987 3257 armis
3012 3187 3161 3285 piis·

1031 3300 1251 3370 simus
1271 3302 1727 3372 Normanniae
1758 3301 1899 3370 dux
1918 3355 1937 3393 ,
1962 3316 2057 3388 et,
2092 3302 2335 3371 relicta
2365 3302 2764 3399 provincia,
2793 3302 2891 3374 ad
2913 3301 3159 3374 ducem

1030 3416 1351 3510 confugit
1381 3417 1779 3487 Britanniae.
1804 3421 1970 3503 Quae
1990 3442 2157 3486 cum
2190 3417 2283 3487 ad
2312 3441 2445 3487 nos
2467 3432 2538 3487 et
2561 3417 2873 3512 collegas
2894 3435 3163 3492 nostros

1035 3537 1337 3608 infausta
1377 3561 1565 3608 nova
1617 3536 1885 3634 perlata
1924 3536 2244 3629 fuissent,
2302 3538 2647 3636 pluraque
2689 3563 2847 3636 quae
2900 3565 3032 3638 per
3073 3564 3163 3611 ne-

1035 3677 1190 3747 gem
1215 3707 1233 3741 ,
1271 3668 1433 3749 post
1478 3668 1551 3723 et
1582 3668 1834 3725 contra
1878 3677 1921 3724 a
1955 3679 2027 3724 se
2066 3655 2432 3725 civitatum
2468 3670 2535 3725 et
2579 3655 3029 3753 oppidorum
3072 3681 3163 3726 re-

1033 3785 1409 3868 ceptorum
1433 3771 1721 3861 accoliS‚
1754 3771 1950 3841 nulla
1984 3771 2165 3843 sacta
2191 3773 2640 3870 exceptione,
2664 3773 2870 3844 datas
2908 3788 2982 3845 et
3014 3799 3161 3870 pro-

1035 3889 1282 3959 missas
1324 3888 1751 3959 abolitiones
1786 3903 1999 3983 atque
2042 3891 2446 3962 securitates
2473 3891 2961 3987 plenissimas,
3012 3893 3163 3962 satis

1035 4003 1413 4073 crudeliter
1443 4003 1752 4073 factitata
1790 4019 2023 4090 erant,
2071 4005 2269 4075 nullo
2308 4006 2529 4077 modo
2558 4020 2793 4102 tutum
2818 4007 3159 4078 existima·

1035 4123 1267 4194 vimus
1320 4122 1623 4218 patriam
1671 4136 1841 4192 tuuc
1888 4122 2187 4194 revisere
2244 4140 2314 4195 ct
2355 4124 2491 4197 illis
2536 4125 2847 4196 cervices
2896 4140 3161 4197 nostras

1036 4236 1395 4333 objectare
1463 4237 1831 4334 periculis,
1919 4263 2078 4334 quae
2146 4239 2387 4311 dietim
2466 4241 2728 4312 multos
2794 4242 3161 4314 incurrisse
