3400 5417
1033 533 1251 588 LtBER
1293 531 1630 590 SETmUS.
2303 537 2413 592 167

293 663 767 761 interrogabat
785 721 803 758 ,
832 687 1134 736 movens
1156 663 1625 756 cachinnum,
1664 665 1738 736 in
1767 691 1931 737 eum
1964 667 2419 740 maledictum

285 785 446 880 jecit
465 841 485 876 ,
537 783 982 884 respondens
1027 805 1358 855 sermone
1389 783 1663 879 vulgari
1700 811 1716 854 ε
1764 813 1799 854 α
1840 787 2033 855 Voces
2072 799 2253 856 estes
2308 811 2421 856 μοι

291 901 538 998 fibvres
574 901 994 999 quar-taines
1021 895 1044 970 !
1087 931 1122 967 n
1165 915 1237 971 et
1278 925 1446 972 cum
1497 898 1707 971 sociis
1756 901 1935 994 suiS,
1982 901 2107 998 qui
2151 924 2296 972 una
2330 901 2423 973 ad

291 1016 675 1088 videndum
767 1041 1010 1112 regern
1098 1013 1634 1109 confluxerant,
1725 1041 1892 1087 eum
1981 1015 2417 1108 ostenderet,

291 1131 528 1203 dicens
575 1133 676 1203 eis
725 1159 741 1202 ε
788 1161 822 1200 (ι
871 1131 1120 1202 Videte
1168 1132 1383 1202 istum
1435 1132 1849 1227 garcionem
1880 1135 1897 1170 ¹
1924 1186 1942 1221 ,
2009 1133 2131 1227 qui
2187 1135 2427 1227 re'gem

289 1273 357 1320 se
392 1273 544 1320 esse
582 1247 801 1342 dixit,
834 1279 869 1314 n
915 1261 1272 1345 quotquot
1303 1248 1478 1319 illud
1512 1249 1883 1320 audientes
1910 1265 2145 1338 erant,
2184 1251 2430 1323 similis

288 1364 531 1462 probri
559 1362 1022 1436 maledictum
1056 1366 1132 1434 in
1166 1389 1333 1436 eum
1359 1363 1852 1452 cumulabant,
1889 1364 2049 1455 sthi,
2084 1379 2427 1463 tanquam

289 1481 585 1553 ridiculo
636 1482 848 1552 alicui
883 1483 1231 1577 ganeoni,
1271 1506 1399 1579 per
1427 1482 1643 1552 totius
1674 1479 2075 1554 suburbani
2119 1484 2427 1580 spatium

289 1598 657 1671 illudentes
684 1612 754 1669 et
789 1614 952 1695 post
983 1623 1150 1668 eum
1179 1599 1674 1670 acclamantes„

381 1718 458 1784 ln
505 1716 864 1812 plerisque
910 1716 1127 1786 etiam
1170 1716 1369 1810 regni
1420 1714 1859 1808 civitatibtffi,
1899 1716 1990 1788 ad
2043 1740 2221 1814 quas
2266 1733 2431 1790 ante

289 1859 428 1904 non
483 1834 898 1921 introierat,
961 1857 1131 1903 cum
1190 1848 1382 1903 totus
1435 1833 1749 1931 populus
1812 1859 1941 1931 per
2006 1835 2432 1934 principales

290 1953 553 2049 plateas
609 1949 910 2042 effusuS,
969 1975 1099 2048 per
1162 1974 1340 2047 quas
1405 1952 1783 2022 transitum
1848 1951 2204 2025 facturum
2263 1980 2427 2025 eum

285 2067 636 2166 sperabat,
682 2068 835 2164 ejus
856 2067 1265 2163 jucundum
1311 2071 1761 2166 opperiretur
1793 2069 2182 2141 adventum
2216 2072 2431 2168 (quas

284 2186 642 2257 interdum
722 2184 1028 2283 desuper
1078 2185 1382 2254 extensis
1455 2185 1750 2256 cortinis
1793 2188 2072 2283 aliaque
2119 2190 2429 2285 pretiosa

283 2303 761 2400 suppellectile
823 2317 1291 2393 ornaverant,
1334 2316 1403 2371 et
1449 2303 1523 2372 in
1566 2301 1835 2372 eisdem
1888 2303 1981 2374 ad
2028 2304 2247 2401 ipsius
2303 2306 2433 2377 ho-

283 2442 530 2490 norem
603 2419 834 2490 varias
902 2442 1144 2488 rerum
1208 2417 1866 2514 repraesentationes
1918 2434 2130 2516 atque
2197 2420 2431 2491 homi-

283 2563 451 2608 num
481 2538 602 2609 vel
640 2537 1031 2609 bestiarum
1064 2537 1441 2607 simulacra
1475 2552 2064 2634 composuerant,
2104 2553 2319 2635 prout
2351 2540 2423 2609 in

281 2655 533 2726 talibus
581 2654 888 2753 publicis
935 2651 1504 2748 jucunditatibus
1552 2653 1705 2724 fieri
1744 2656 2059 2750 assolet),
2100 2657 2277 2752 ipse,
2312 2657 2426 2726 ci-

281 2773 503 2843 vitatis
557 2787 848 2869 portam
908 2771 1293 2862 ingressuS,
1345 2794 1473 2867 per
1525 2770 1773 2841 devios
1830 2773 2147 2841 tramites
2194 2775 2428 2843 statim

283 2887 647 2984 publicam
693 2888 1005 2986 plateam
1054 2885 1492 2979 declinabat,
1559 2901 1629 2957 et
1689 2888 1782 2958 ad
1848 2888 2241 2986 hospitium
2292 2888 2425 2959 sibi

282 3016 753 3099 praeparatum
811 3000 1184 3097 pervenire
1211 3056 1228 3090 ,
1269 3012 1540 3096 quanto
1590 3000 1896 3096 amplius
1936 3018 2248 3098 poterat,
2292 3003 2428 3072 fes-

283 3119 575 3190 tinabat.
623 3117 830 3187 Unde
877 3131 1255 3215 propterea
1296 3118 1369 3186 in
1405 3116 1836 3211 quibusdam
1882 3117 2094 3206 lociS,
2133 3119 2223 3191 ad
2272 3143 2428 3214 quae

281 3235 759 3329 ingressurus²
799 3234 1128 3330 primitus
1165 3232 1635 3321 adventabat,
1677 3233 1984 3303 fixerunt
2017 3235 2204 3304 cives
2242 3237 2426 3308 intra

281 3371 518 3451 portas
563 3355 637 3424 in
695 3354 870 3423 vicis
904 3352 1314 3423 lateralibus
1351 3353 1686 3450 repagula
1719 3352 2112 3444 lignorum,
2163 3379 2253 3422 ne
2302 3379 2429 3451 per

283 3479 576 3550 eosdem
626 3503 775 3549 sese
819 3479 1248 3574 porrigeret,
1308 3477 1430 3547 sed
1486 3502 1614 3573 per
1664 3478 1812 3546 vias
1848 3477 2152 3548 famosas
2200 3493 2269 3548 et
2309 3480 2428 3548 in-

281 3598 507 3690 signes
537 3610 917 3689 cogeretur
957 3594 1310 3664 incedere.

374 3717 815 3807 Quanquam
864 3727 1101 3782 autem
1145 3735 1375 3805 neque
1423 3712 1654 3806 specie
1709 3728 1777 3780 et
1822 3713 2049 3783 forma
2083 3713 2425 3806 eleganti,

280 3857 432 3930 quae
490 3835 714 3927 digna
783 3833 1140 3902 videretur
1204 3833 1540 3927 imperio,
1607 3860 1839 3928 neque
1897 3835 2071 3904 facie
2128 3834 2434 3904 decorus

282 3974 495 4049 esset,
549 3959 682 4028 suit
718 3973 955 4028 tamen
1004 3958 1168 4027 satis
1207 3957 1482 4050 patiens
1524 3957 1615 4028 ad
1656 3959 2115 4054 perferendos
2154 3959 2431 4030 labores

361 4215 418 4268 1.
471 4217 698 4283 Gar-(jon
721 4211 872 4266 avait
903 4213 1052 4266 alors
1084 4213 1135 4266 le
1164 4230 1290 4266 sens
1321 4212 1390 4266 de
1418 4212 1562 4266 valet
1599 4212 1670 4267 do
1697 4211 1799 4266 bas
1831 4213 2012 4287 ctage.

365 4309 420 4360 2.
471 4309 584 4363 MS.
620 4309 917 4378 Ingressus.
