3400 5417
1035 484 1154 544 262
1888 480 2294 552 Aret-otiu,

1037 629 1278 692 mento
1325 639 1591 710 regem,
1639 638 1808 688 cum
1874 613 1970 688 ab
2035 637 2127 688 eo
2180 615 2537 714 acciperet
2600 615 2957 690 licentiam
3004 616 3125 714 [ab-

1035 731 1310 832 eundi],
1347 734 1653 806 Parisius
1692 730 1829 804 sibi
1883 732 2031 805 haec
2082 732 2303 805 verba
2342 731 2603 806 dixisse
2640 760 2659 806 t
2698 762 2736 804 u
2772 737 2875 808 lte
2904 758 3023 806 vos
3054 735 3125 806 ad

1036 849 1296 924 domos
1323 864 1590 922 vestras
1621 849 1698 921 in
1746 850 2300 942 Normanniam3
2344 849 2636 950 recipite
2676 849 2959 922 fratrem
2991 875 3124 922 nos·

1035 985 1228 1040 trum
1276 968 1352 1038 in
1397 965 1659 1039 ducem
1698 981 1770 1038 et
1807 966 1909 1068 ei,
1966 981 2313 1066 tanquam
2356 967 2669 1066 principi
2708 981 2923 1065 atque
2950 967 3124 1056 duci,

1035 1083 1339 1157 fideliter
1369 1084 1628 1154 servire
1661 1097 1735 1156 et
1762 1105 2015 1182 parere
2046 1082 2349 1156 studete.
2396 1110 2433 1152 ιι

1132 1205 1345 1274 Facta
1379 1225 1551 1272 vero
1587 1199 1807 1299 ipsius
1840 1200 2141 1274 civitatis
2175 1199 2544 1272 deditione
2564 1253 2585 1294 ,
2623 1199 2843 1280 nullis
2876 1199 3009 1272 illic
3032 1205 3129 1272 mi·

1035 1315 1358 1389 litai-ibus
1389 1317 1614 1416 copiis
1647 1317 1949 1413 receptis
1976 1372 1997 1410 ,
2042 1317 2394 1390 exercitus
2425 1316 2519 1388 ad
2556 1331 2779 1390 terras
2824 1316 3129 1388 inferioris

1036 1435 1492 1506 Normanniae
1508 1429 1929 1525 declinavit;
1965 1446 2064 1527 et,
2093 1431 2293 1531 quod
2323 1432 2613 1506 infitiari
2634 1458 2789 1508 non
2816 1434 3126 1527 volumus,

1039 1551 1368 1651 exemplo
1404 1565 1618 1647 atque
1648 1550 2046 1622 imitatione
2078 1549 2328 1642 nostri,
2379 1548 2619 1649 plures
2642 1549 2802 1622 aliae
2832 1550 3127 1639 civitates,

1040 1667 1311 1767 oppida
1343 1682 1416 1738 et
1441 1667 1726 1740 castella
1757 1669 2146 1766 provinciae
2170 1669 2389 1743 etiam
2416 1668 2511 1740 ad
2548 1666 2951 1768 parendum
2978 1691 3129 1740 novo

1039 1784 1208 1856 duci
1255 1799 1653 1884 spontanee
1679 1809 1831 1857 sese
1867 1783 2246 1858 dederunt.
2290 1789 2475 1858 Nam
2519 1798 2592 1856 et
2619 1783 2962 1858 mandata
2982 1785 3132 1878 regia

1040 1903 1279 1974 statim
1327 1926 1458 2001 per
1510 1916 1737 1975 totam
1784 1903 2235 2001 provinciam
2294 1915 2805 1993 cucurrerunt,
2869 1915 2940 1975 et
2994 1927 3130 1974 voce

1039 2019 1398 2116 praeconia
1447 2017 1718 2114 ubique
1750 2017 2165 2091 solemniter
2214 2017 2579 2118 publicata
2611 2033 2831 2114 atque
2864 2018 3132 2090 intimata

1040 2136 1324 2208 fuerunt
1346 2189 1364 2226 ,
1419 2136 1682 2234 quibus
1720 2162 1838 2209 rex
1878 2136 2285 2210 insinuabat
2319 2163 2407 2209 ex
2438 2115 2652 2236 pacto
2689 2133 2953 2208 foedere
2981 2135 3131 2208 dicto

1041 2277 1174 2324 suo
1240 2277 1582 2348 germano
1654 2278 1790 2351 pro
1847 2254 2314 2324 successionis
2362 2267 2678 2352 paternae
2738 2251 3131 2326 haereditaria

1044 2372 1377 2468 portione
1423 2369 1769 2441 ducatum
1806 2371 2263 2442 Normanniae
2310 2368 2591 2442 dedisse
2640 2383 2715 2442 et
2765 2370 3129 2465 assignanse,

1043 2487 1398 2559 mandans
1449 2484 1789 2557 omnibus
1838 2486 2244 2580 civitatum,
2300 2484 2742 2585 oppidorum
2794 2501 3000 2583 atque
3051 2510 3131 2557 ar·

1044 2603 1236 2674 cium
1271 2601 1688 2674 custodibus
1729 2627 1857 2674 seu
1900 2602 2288 2702 capitaneis
2320 2617 2676 2700 quatenus
2719 2603 2999 2675 easdem
3030 2602 3131 2674 sibi

1044 2719 1158 2790 vel
1202 2743 1244 2790 a
1287 2743 1360 2790 se
1411 2719 1809 2790 commissis
1860 2716 2121 2790 liberas
2168 2717 2438 2816 absque
2499 2719 2649 2792 ulla
2704 2720 3133 2791 remoratione

1045 2835 1383 2906 cederent
1411 2849 1480 2905 et
1522 2833 2067 2925 contraderent3
2106 2834 2445 2907 omnibus
2478 2835 2696 2908 etiam
2724 2837 3133 2908 ecclesiarum

1046 2953 1384 3050 praelatis,
1461 2950 1885 3042 comitibus,
1952 2950 2390 3044 baronibus,
2466 2950 2837 3025 nobilibus
2901 2967 2968 3024 et
3018 2951 3135 3046 qui·

1045 3067 1496 3165 buscumqne
1552 3069 1796 3167 patriae
1844 3068 2141 3162 accoliS,
2195 3068 2709 3165 cujuscumque
2771 3083 3018 3160 status,
3060 3066 3134 3137 di-

1046 3185 1328 3280 gnitatis
1381 3198 1506 3256 aut
1558 3184 1995 3256 conditionis
2047 3186 2495 3277 exsisterent,
2534 3197 2891 3281 quatenus
2934 3204 3134 3256 omnes

1046 3315 1117 3372 et
1165 3301 1422 3396 singuli
1465 3301 1702 3372 eidem
1739 3325 1871 3373 suo
1906 3323 2288 3396 germanO,
2325 3317 2673 3399 tanquam
2706 3325 2840 3374 suo
2882 3299 3133 3400 principi

1047 3443 1130 3489 ac
1187 3419 1350 3488 duci
1401 3419 1761 3513 legitimo,
1824 3433 2197 3515 parerent,
2262 3433 2476 3516 atque
2524 3419 2931 3514 juramenta
2960 3415 3138 3488 fideli·

1049 3535 1207 3604 tatis
1239 3550 1308 3604 et
1346 3534 1738 3628 hommagii
1792 3534 2028 3634 eidem
2069 3533 2299 3608 facere
2330 3549 2401 3606 et
2434 3549 2765 3632 praestare
2805 3544 3133 3620 curarent,

1051 3651 1240 3746 ipsos
1285 3673 1535 3721 omnes
1580 3665 1651 3721 et
1689 3651 2007 3745 singulos
2041 3650 2134 3722 ab
2170 3651 2669 3746 hujuscemodi
2718 3648 3129 3748 juramentis,

1049 3785 1206 3856 quae
1269 3762 1402 3832 sibi
1450 3779 1745 3860 perante
1812 3765 2159 3855 fecerant,
2210 3765 2493 3863 penitus
2553 3763 3015 3836 absolvendo.
3074 3762 3136 3826 Εἰ

1051 3877 1462 3970 hujusmodi
1508 3880 1801 3974 quidem
1840 3880 2191 3951 mandatis
2224 3878 2526 3951 libentes
2557 3894 2770 3976 atque
2808 3873 3132 3978 spontanei

1047 4017 1298 4062 omnes
1351 3994 1568 4064 ferme
1618 3997 2091 4091 provinciales
2142 4015 2226 4068 ac
2275 3995 2782 4092 gratulabundi
2833 3996 3134 4088 'obseque-

1047 4108 1344 4204 bantur,
1385 4111 1689 4210 demptis
1726 4115 1971 4210 paucis
2020 4112 2532 4186 nonnullarum
2572 4115 2845 4185 arcium
2876 4105 3134 4184 custodi-

1047 4225 1182 4297 bus
1230 4243 1298 4298 et
1346 4227 1702 4324 aliquibus
1748 4229 2397 4304 administrationes
2443 4231 2847 4302 officiorum
2895 4231 2963 4299 in
3001 4248 3130 4324 pro-
