3400 5417
860 546 977 615 330
1716 535 2133 627 Ammoni,

856 702 1092 775 antea,
1130 680 1316 759 dolis
1358 688 1435 758 et
1465 686 1840 759 calumniis
1878 710 2270 786 pravorum
2306 704 2378 762 et
2410 690 2828 787 iniquorum
2855 690 2991 761 ho-

856 804 1136 875 minum
1175 802 1443 875 factum
1496 800 2050 897 cognoscimus?
2097 803 2297 877 Adde
2343 807 2579 903 quod,
2631 808 2689 879 si
2735 818 2998 904 anceps

856 919 1037 991 inibi
1092 934 1163 990 et
1213 940 1508 1017 prorsus
1549 919 1822 990 incerta
1865 931 2078 1016 atque
2125 921 2543 993 inconstans
2592 920 2806 1013 fides,
2843 944 2994 993 non

854 1035 1094 1133 potior
1137 1034 1355 1107 etiam
1413 1042 1648 1129 neque
1702 1034 2020 1107 securior
2084 1033 2228 1107 illic
2277 1034 2548 1133 justitia
2603 1037 2989 1109 invenitur.

856 1154 1037 1222 Nam
1071 1152 1240 1222 cu‘m
1275 1149 1625 1249 improbis
1658 1145 2100 1223 delatoribus
2132 1150 2355 1231 facilis
2402 1150 2497 1224 ad
2536 1150 2999 1225 calumnian-

854 1268 1031 1340 dum
1077 1268 1316 1340 bonos
1374 1268 1608 1340 aditus
1659 1289 2008 1365 auresque
2056 1268 2639 1356 commodentur,
2683 1268 2811 1367 qui
2855 1269 2997 1342 illic

852 1385 1121 1481 degunt
1140 1442 1159 1477 ,
1201 1386 1587 1484 praesertim
1636 1386 1695 1456 si
1745 1383 2138 1482 aliquando
2181 1385 2444 1456 fuerint
2471 1384 2718 1475 invisi,
2761 1387 2998 1481 quoti-

853 1498 1083 1574 dianis
1118 1502 1639 1573 calumniarum
1671 1500 2006 1598 periculis
2033 1509 2276 1600 patere
2307 1513 2594 1573 necesse
2623 1515 2729 1575 est
2761 1516 2834 1572 et
2863 1500 2997 1573 sub

854 1618 1068 1690 anxio
1100 1633 1171 1690 et
1206 1636 1508 1716 poenoso
1546 1617 1756 1689 valde
1803 1632 2002 1689 metu
2041 1617 2404 1715 languere.
2443 1616 2692 1689 Fidem
2737 1620 3002 1689 nostris

851 1734 1360 1806 assertionibus
1383 1736 1548 1806 satis
1579 1733 1890 1805 afferunt
1914 1733 2031 1805 ille
2063 1732 2446 1807 cardinalis
2479 1748 2551 1806 et
2581 1734 2699 1805 ille
2729 1735 3002 1832 episco-

852 1873 1024 1950 pus,
1073 1850 1225 1948 jam
1261 1846 1481 1924 ferme
1527 1872 1657 1951 per
1700 1854 2282 1950 quinquennium
2340 1873 2426 1925 ea
2477 1876 2634 1949 quae
2693 1850 3004 1925 dicimus

850 1969 1144 2067 experti.
1185 1969 1371 2040 Alios
1403 1969 1865 2067 quamplures
1907 1970 2121 2040 etiam
2156 1970 2232 2039 in
2265 1976 2475 2040 testes
2507 1966 2711 2041 facile
2742 1990 3003 2041 vocare

850 2099 924 2157 et
955 2086 1171 2158 citare
1203 2110 1609 2183 possemus,
1644 2084 1701 2156 si
1739 2111 1782 2157 a
1812 2106 2074 2157 somno
2104 2084 2354 2157 mortis
2386 2084 2458 2155 et
2483 2081 2578 2157 ab
2604 2084 2850 2156 inferis
2879 2108 3004 2156 eos

850 2204 1155 2275 excitare
1187 2226 1584 2302 possemuS,
1624 2226 1801 2299 quo,
1835 2202 2154 2273 insontes
2186 2202 2388 2289 licet,
2428 2200 2702 2273 dimissi
2732 2200 2931 2290 sunt,
2962 2225 3005 2273 a

850 2320 1172 2415 praestitis
1206 2320 1305 2390 eis
1332 2314 1828 2391 securitatibus
1852 2317 2106 2411 delusi,
2141 2319 2216 2388 in
2243 2314 2508 2414 quibus
2531 2328 2800 2389 temere
2827 2340 3003 2388 con-

852 2432 1186 2505 fiderunt.
1230 2435 1371 2506 Sed
1405 2433 1691 2505 invidiae
1726 2431 2104 2529 nimiaeque
2135 2432 2555 2531 prolixitatis
2590 2426 3005 2505 devitanda-

849 2574 1011 2621 rum
1045 2552 1293 2645 gratia,
1331 2550 1610 2621 silentio
1642 2575 1768 2621 eos
1795 2550 2302 2647 praeteriemuS.

950 2668 1111 2739 Non
1133 2670 1518 2740 reseremus
1542 2670 1755 2739 etiam
1781 2666 2140 2763 quodem,
2167 2689 2210 2737 a
2233 2666 2542 2736 triennio
2567 2664 2743 2735 citra
2761 2665 2836 2759 (a
2854 2680 3000 2761 quo

851 2795 1174 2884 tempore
1217 2786 1536 2857 inclitam
1580 2782 1773 2857 hanc
1816 2782 2357 2853 Treverensium
2403 2776 2837 2853 incoluimus
2877 2797 2998 2851 ur-

851 2902 1079 2999 bem),
1120 2928 1268 2994 rex,
1301 2899 1832 2974 stimulantibus
1861 2898 2017 2972 aliis
2046 2894 2476 2995 quibusdam
2510 2922 2641 2996 per
2663 2896 3001 2969 ambitio·

852 3036 1018 3092 nem
1071 3018 1479 3091 saecularem
1504 3078 1524 3112 ,
1586 3034 1907 3090 nostram
1972 3019 2229 3090 iterum
2285 3032 2356 3089 et
2423 3012 2668 3088 denuo
2721 3015 2998 3112 assequi

850 3138 1219 3208 ecclesiam
1253 3135 1774 3225 ambientibus,
1827 3149 1899 3205 et
1931 3149 2255 3231 tempore
2303 3132 2524 3205 felicis
2560 3128 2998 3203 recordatio-

852 3252 961 3323 nis
1013 3254 1211 3325 Pauli
1252 3269 1321 3324 et
1360 3254 1694 3325 moderni
1744 3253 1958 3323 etiam
2002 3251 2239 3342 Sixti²,
2292 3246 2723 3347 pontificum
2763 3270 2999 3321 roma—

851 3393 1149 3461 norum,
1215 3370 1625 3442 instantiam
1683 3368 1964 3459 fecerit,
2026 3381 2106 3437 ut
2153 3366 2266 3437 vel
2321 3366 2464 3437 alio
2513 3364 2588 3434 in
2655 3364 2997 3435 Pathrnos

849 3488 1415 3579 transferremur,
1451 3488 1563 3558 vel
1599 3488 1753 3583 ipsa
1787 3485 2082 3557 ecclesia
2115 3497 2358 3554 nostra
2394 3506 2529 3581 pro
2561 3479 2994 3578 quibusdam

851 3603 1101 3675 affictis
1134 3604 1226 3675 ab
1268 3604 1538 3675 eisdem
1573 3599 2195 3673 criminationibus
2241 3598 2713 3695 dejiceremur
2748 3612 2817 3669 et
2849 3598 2997 3694 pri-

851 3740 1206 3787 varemur.
1290 3715 1568 3804 Quibus
1632 3732 1872 3786 tamen
1936 3713 2365 3811 importunis
2435 3727 2649 3807 atque
2719 3710 2995 3805 injustis

853 3832 1451 3929 postulationibus
1499 3831 1904 3931 apostolicae
1953 3830 2138 3901 sedis
2183 3828 2450 3925 justitia
2491 3839 2560 3899 et
2591 3825 2994 3921 benignitas

851 3972 1131 4048 semper
1171 3948 1525 4046 repulsam
1570 3973 1703 4045 pro
1755 3945 2001 4037 nobiS,
2062 3945 2228 4016 licet
2277 3942 2726 4033 absentibuS,
2762 3942 2984 4013 dedit.

934 4219 992 4273 1.
1042 4215 1176 4273 Paul
1208 4218 1295 4284 II,
1332 4214 1488 4272 etant
1515 4228 1667 4271 mort
1693 4215 1748 4271 le
1789 4216 1865 4271 28
1905 4211 2094 4285 juillet
2130 4212 2312 4281 1471,
2347 4222 2444 4267 eut
2475 4228 2624 4288 pour
2651 4224 2984 4267 successeur

853 4312 1014 4371 Sixte
1040 4314 1139 4371 IV.
