3400 5417
914 396 1026 453 196
1458 393 1974 452 HISTORIARUM
2015 395 2373 450 LUDOVICI
2414 395 2499 450 XI

907 525 1234 625 quentia,
1275 542 1346 598 et
1378 528 1477 597 rei
1519 526 1789 598 bellicae
1824 527 2075 625 peritia
2116 550 2283 595 cum
2329 524 2597 620 ingenti
2628 525 2850 595 animi
2884 549 3005 596 ma·

906 642 1275 738 gnitudine
1295 656 1506 739 atque
1533 642 1857 714 audacia.
1886 641 2046 712 Fuit
2067 641 2285 732 enim,
2314 654 2395 710 ut
2411 639 2775 711 Sallustius
2798 640 3009 732 refert,

903 758 1252 830 facundus
1283 755 1355 830 'et
1387 758 1682 830 callidus
1708 813 1726 850 ,
1766 759 1974 854 eique
2023 756 2324 828 altitudo
2367 755 2806 828 incredibilis
2847 759 3016 854 inge-

902 876 1001 947 nii
1038 902 1053 944 :
1098 900 1254 972 quae
1288 874 1582 971 quidem
1619 874 1893 968 magnis
1924 872 2297 970 praeconiis
2328 872 2737 944 extollenda
2769 873 3015 965 forent,

901 993 998 1083 si,
1039 991 1230 1062 civili
1261 990 1559 1062 victoria
1595 989 2190 1060 clementer-usus
2212 1045 2230 1080 ‚
2281 1013 2433 1059 non
2468 989 2686 1060 etiam
2731 1013 2937 1061 arma
2962 991 3019 1060 in

898 1106 1000 1177 rei
1037 1103 1342 1204 publicae
1381 1105 1775 1202 perniciem
1824 1119 1897 1174 et
1953 1104 2219 1174 civium
2255 1103 2678 1198 sanguinem
2736 1105 3022 1176 nimium

899 1221 1286 1293 crudeliter
1317 1222 1802 1292 convertisset.

995 1339 1446 1434 Dionysium,
1485 1337 1892 1406 Siculorum
1918 1339 1936 1374 ¹
1970 1337 2271 1407 alterum
2303 1351 2719 1431 tyrannum,
2746 1337 3023 1434 legimus

893 1451 1109 1521 etiam
1143 1449 1438 1519 doctum
1460 1462 1529 1518 et
1558 1448 1943 1518 litteratum
1979 1446 2189 1517 fuisse
2230 1473 2245 1514 :
2286 1447 2481 1518 unde
2518 1447 2789 1542 ejectus
2824 1473 3024 1543 regno

893 1580 1142 1662 postea
1170 1618 1190 1654 ,
1257 1563 1453 1660 apud
1510 1562 1941 1634 Corinthum
2012 1563 2341 1633 exsulans
2374 1619 2393 1655 ,
2451 1587 2717 1659 pueros
2780 1563 3026 1636 litteras

894 1681 1164 1752 docuit.

995 1801 1206 1886 Nero,
1249 1799 1611 1866 Romanus
1659 1795 2076 1890 imperator,
2124 1795 2250 1891 qui
2288 1793 2626 1891 singulari
2664 1795 3026 1890 tyrannide

893 1926 964 1981 et
996 1911 1410 1982 crudelitate
1463 1909 1837 2003 insignitus
1872 1909 2202 2000 habetur,
2252 1911 2492 1980 multae
2534 1909 2946 1982 litteraturae
2972 1928 3029 1983 et

894 2028 1316 2125 eloquentiae
1353 2025 1480 2094 fuit
1502 2081 1520 2117 ,
1550 2040 1627 2095 ut
1650 2025 2099 2118 Tranquillus
2133 2025 2344 2096 refert
2364 2081 2383 2116 ,
2420 2026 2947 2124 tragoediasque
2973 2045 3029 2099 et

896 2145 1287 2217 comoedias
1343 2166 1562 2237 graece
1614 2159 1684 2213 et
1752 2141 1970 2213 latine
2020 2142 2333 2214 condere
2388 2158 2601 2241 atque
2664 2143 3030 2216 decantare

895 2262 1142 2350 scivit3
1184 2262 1278 2331 ita
1317 2274 1393 2329 ut
1424 2259 1885 2328 histrionatus
1920 2274 1989 2329 et
2022 2260 2323 2329 mimicae
2351 2261 2519 2330 artis
2550 2260 3029 2333 excellentiam

895 2378 1030 2448 sibi
1082 2401 1215 2473 pro
1264 2376 1574 2446 maxima
1621 2390 1983 2468 arrogaret
2027 2376 2285 2471 gloria,
2328 2391 2774 2471 certaretque
2823 2379 2897 2448 in
2936 2379 3031 2448 his

898 2495 1168 2565 artibus
1200 2518 1328 2590 per
1360 2491 1573 2561 urbes
1614 2506 1683 2560 et
1725 2490 2003 2560 theatra
2038 2493 2377 2562 excellere
2413 2491 2683 2590 [supra]
2717 2510 3024 2566 cunctos⁴

1000 2614 1086 2678 Et
1123 2610 1216 2678 ita
1245 2609 1316 2677 in
1356 2606 1692 2676 omnibus
1727 2606 1944 2676 ferme
1976 2631 2156 2702 quos
2189 2607 2498 2677 famosos
2524 2632 2654 2679 sua
2685 2612 3034 2704 tyrannis'

900 2724 1231 2813 reddidit,
1275 2725 1414 2793 est³
1448 2721 1715 2815 aliquid
1752 2723 2097 2812 invenire,
2140 2723 2334 2793 unde
2362 2725 2618 2794 merito
2660 2725 2895 2797 laudis
2929 2727 3032 2797 ali-

901 2839 1073 2936 quid
1116 2837 1575 2907 tribuendum
1613 2853 1797 2928 erat,
1849 2840 1908 2908 si
1943 2864 2090 2910 non
2139 2839 2315 2909 illud
2348 2865 2639 2910 suarum
2675 2842 3034 2914 crudelita-

902 2971 1054 3025 tum
1085 2952 1486 3023 immanitas
1519 2952 1987 3024 obscurasset.

1003 3075 1081 3138 ln
1116 3069 1258 3138 hoc
1291 3092 1457 3138 vero
1488 3067 1882 3157 Ludovico‚
1926 3095 2091 3139 cum
2116 3070 2240 3140 diu
2271 3072 2716 3168 multumque
2738 3073 3035 3145 laboras·

905 3205 1139 3251 scmus
1178 3193 1254 3248 ut
1285 3177 1560 3272 aliquid
1593 3179 1787 3251 laudi
1824 3181 2078 3250 merito
2125 3197 2329 3272 esset,
2371 3181 2548 3253 nihil
2579 3209 2876 3281 prorsus
2908 3185 3030 3255 tale

910 3296 1117 3367 nobis
1169 3320 1541 3366 occurrere
1593 3296 1846 3391 potuit.
1913 3300 2089 3366 Nam
2139 3297 2483 3368 litteratus
2538 3299 2836 3371 minime
2871 3300 3023 3387 suit,

907 3413 1030 3483 sed
1066 3413 1302 3482 minus
1335 3411 1719 3506 eloquens;
1767 3412 1940 3480 nihil
1977 3413 2241 3509 quippe
2283 3415 2583 3484 omnino
2618 3415 3027 3512 eloquentiae

907 3527 1197 3615 habuit,
1241 3552 1328 3596 ne
1374 3528 1446 3594 in
1497 3526 1767 3620 vulgari
1804 3527 2094 3622 quidem
2131 3554 2487 3600 sermone.
2540 3533 2821 3602 Nullam
2872 3555 3024 3600 vero

909 3640 1260 3711 bellorum
1289 3639 1614 3734 peritiam
1641 3641 1751 3710 xel
1782 3643 2002 3710 animi
2041 3642 2603 3734 magnitudinem
2630 3643 2931 3714 ostendit
2961 3667 3026 3710 se.

911 3755 1198 3827 habere.
1244 3760 1399 3824 Non
1453 3755 1690 3825 dilexit
1739 3757 2091 3853 principes
2135 3758 2496 3851 sanguinis
2546 3774 2613 3829 et
2664 3761 2849 3854 regni
2884 3759 3019 3840 sui,

997 3960 1049 4013 l.
1099 3962 1204 4014 Ms.
1239 3960 1619 4014 siclmwormn.

989 4052 1048 4107 2.
1096 4056 1200 4107 Ms.
1235 4071 1366 4106 ntus
1392 4068 1682 4125 lyranum,

997 4147 1051 4202 3.
1099 4146 1205 4200 Μ».
1241 4157 1316 4199 et.
