3400 5417
991 475 1108 546 2⁹⁰
1848 469 2264 550 ineman,

991 609 1066 697 in
1103 605 1458 696 consimili
1492 628 1660 686 casu
1695 602 2255 702 facturusjoret,
2293 617 2376 675 ut
2402 603 2747 705 protinus,
2784 602 2995 694 nulia
3026 601 3135 676 ul-

992 727 1210 814 terius
1254 723 1346 796 de
1394 722 1741 822 pensione
1787 721 1972 810 facta
2022 721 2393 814 mentione
2412 775 2434 815 2
2485 721 2743 810 furenti
2796 719 3135 816 indigna-

995 841 1174 915 tioni
1205 839 1650 915 cederemus.

1698 1223 2213 1296 CAPITULUM
2264 1226 2416 1293 XII.

1097 1439 1176 1490 De
1198 1432 1538 1506 expeditione
1562 1445 1745 1505 nostra
1768 1433 1827 1486 in
1854 1430 2004 1494 curia
2026 1430 2165 1510 regis
2187 1443 2241 1486 et
2265 1429 2601 1504 profectione
2624 1428 3033 1504 Perpinianum.

1086 1641 1306 1738 Cujus
1333 1655 1676 1736 tanquam
1706 1641 2017 1720 maxime
2050 1652 2545 1738 opportunum
2572 1653 2745 1722 tunc
2776 1637 3134 1735 nobisque

987 1758 1287 1856 perutile
1311 1757 1692 1827 consilium
1713 1757 2018 1828 libenter
2036 1757 2371 1854 amplecti
2402 1757 2834 1848 studuimus.
2866 1760 2955 1826 Et
2984 1755 3135 1856 ipso

990 1875 1134 1966 die,
1172 1874 1508 1968 injuriam
1541 1873 1963 1970 hujusmodi
1992 1875 2345 1974 patienter
2374 1873 2707 1965 ferente-S,
2746 1874 2885 1944 iter
2918 1871 3135 1944 eundi

991 1989 1504 2086 Perpinianum
1551 1989 2007 2088 arripuimus.

1089 2108 1256 2174 Haec
1289 2103 1420 2175 fuit
1465 2103 1644 2175 fides
1690 2104 2207 2202 promissarum
2257 2104 2721 2190 securitatum
2763 2119 2838 2179 et
2876 2105 3142 2177 solem-

997 2219 1179 2289 niter
1228 2243 1406 2289 voce
1447 2220 1805 2316 praeconia
1832 2274 1851 2310 ,
1905 2217 2459 2316 praecinentibus
2503 2216 2730 2310 tubis,
2780 2218 2859 2290 in
2896 2220 3051 2293 vim
3078 2235 3143 2290 et

997 2331 1218 2402 robur
1250 2332 1650 2403 edictorum
1685 2333 2031 2427 regalium
2070 2332 2337 2428 ubique
2381 2331 2941 2430 publicatarum,
2984 2335 3145 2406 alia-

1001 2475 1302 2545 rumque
1345 2448 1947 2545 pollicitationum
1997 2447 2087 2518 de
2142 2449 2644 2522 constituenda
2692 2449 2911 2522 nobis
2963 2477 3139 2549 pen-

999 2567 1198 2636 sione
1241 2562 1711 2662 postmodum
1752 2561 2138 2652 factarum3
2176 2563 2329 2634 haec
2363 2563 2749 2637 clementia
2770 2621 2791 2658 ,
2832 2565 2991 2637 haec
3020 2565 3147 2638 hu-

1004 2681 1311 2750 manitas
1367 2678 1549 2773 regis
1602 2701 1771 2772 erga
1830 2702 1966 2748 nos
2023 2677 2178 2748 fuit.
2237 2682 2551 2766 Verum,
2596 2683 2754 2750 Deo
2806 2705 2961 2752 non
3022 2708 3148 2754 nos

1005 2795 1408 2886 deserente,
1458 2793 1583 2863 sed
1619 2817 1901 2890 semper
1937 2818 2065 2864 sua
2097 2794 2585 2866 misericordia
2616 2809 2689 2880 et
2734 2795 3149 2892 dignatione

1011 2911 1458 2981 confortante
1511 2923 1580 2978 et
1627 2908 2043 2979 consolante
2094 2934 2228 2981 nos
2250 2966 2267 2999 ,
2317 2933 2613 2982 omnem
2647 2910 3147 3008 hujuscemodi

1013 3026 1346 3122 injuriam
1381 3025 1734 3121 patienter
1771 3039 1842 3094 et
1875 3023 2149 3096 fortiter
2190 3025 2532 3116 tulimus;
2585 3029 3149 3131 continuatoque

1016 3167 1145 3240 per
1178 3141 1534 3236 integrum
1584 3139 1805 3211 ferme
1854 3167 2177 3211 mensem
2232 3142 2522 3236 itinere,
2585 3143 2687 3216 sic
2730 3143 3047 3244 benigne
3088 3164 3151 3220 et

1017 3259 1429 3328 humaniter
1517 3257 1869 3354 expediti,
1954 3257 2464 3354 Perpinianum
2547 3260 2845 3334 tandem
2932 3266 3153 3366 appli-

1018 3401 1321 3446 culmus.

1119 3491 1609 3562 Habitavimus
1669 3505 1907 3561 autem
1962 3491 2103 3562 illic
2162 3517 2291 3589 per
2353 3518 2625 3568 annum
2676 3497 3041 3594 integrum
3091 3515 3151 3570 et

1027 3634 1250 3707 prope
1299 3607 1482 3677 duos
1539 3632 1857 3698 menseS‚
1915 3607 2315 3679 exercendo
2359 3609 2677 3683 officium
2720 3616 3153 3706 cancellaria·

1028 3725 1101 3792 in
1147 3723 1602 3792 comitatibus
1627 3721 2041 3792 Rossilionis
2067 3738 2138 3793 et
2166 3725 2575 3817 Ceritaniae3
2614 3729 2739 3824 qui
2766 3747 2943 3803 sunt
2971 3759 3151 3829 qua·-

1029 3838 1198 3908 dam
1243 3837 1566 3908 membra
1619 3837 2055 3934 principatus
2110 3840 2525 3932 Cataloniae,
2594 3843 2720 3934 sed
2780 3859 2960 3919 tunc
3020 3849 3155 3944 regi

1031 3960 1466 4024 Francorum
1517 3953 1911 4050 parebant..·
1949 3958 2027 4022 ln
2079 3955 2279 4051 cujus
2319 3959 2650 4029 exercitio
2693 3959 2769 4032 id
2805 3987 2943 4034 nos
2986 3989 3159 4062 prae-

1031 4071 1238 4166 cipue
1299 4068 1693 4140 delectabat
1750 4083 1818 4139 et
1884 4096 2030 4141 non
2089 4096 2345 4168 parum
2411 4089 2734 4148 nostruin
2798 4079 3159 4152 solabatur

1032 4187 1388 4276 exsilium,
1443 4184 1677 4281 quod,
1728 4185 2137 4258 exhibendo
2191 4214 2321 4286 pro
2363 4193 2838 4270 ministranda
2894 4197 3157 4292 justitia
