3400 5417
961 481 1076 539 1⁹0
1515 484 2033 542 HISTORIARUM
2076 483 2431 542 Lunovlcl
2472 484 2561 540 xl

963 614 1302 686 fuerunt}>
1343 615 1529 685 Dicit
1577 616 1771 708 enim
1817 613 2373 712 sapientissimus
2422 612 2764 684 Salomon
2810 615 2879 688 in
2922 617 3057 686 Pro-

963 733 1224 806 verbiis
1257 735 1457 830 quod
1482 735 1729 806 hostiae
1763 736 2151 833 impiorum
2178 732 2697 806 abominabiles
2729 749 2886 805 sunt
2908 739 3055 828 Dee,

961 872 1118 943 quae
1168 850 1568 921 offeruntur
1595 875 1681 921 ex
1710 851 2005 939 scelere3
2042 865 2112 920 et
2152 851 2227 920 in
2267 850 2762 922 Ecclesiastico
2808 851 3059 946 legimus

965 963 1164 1061 quod
1215 995 1249 1033 «
1296 967 1732 1038 immolantis
1764 993 1849 1040 ex
1895 968 2147 1062 iniquo
2183 965 2456 1038 oblatio
2490 982 2593 1038 est
2624 967 2995 1058 maculata,
3028 995 3055 1034 n

963 1094 1033 1151 et
1090 1111 1123 1144 <t
1181 1107 1330 1153 non
1393 1098 1556 1155 sunt
1615 1084 2077 1182 beneplacitae
2144 1082 2741 1155 subsannationes
2810 1083 3059 1178 injusto·

961 1223 1151 1290 rum,
1203 1227 1235 1265 >2
1273 1215 1341 1271 et
1377 1201 1570 1271 idem
1600 1202 1818 1299 paulo
1848 1216 2049 1298 post,
2093 1231 2128 1268 t<
2166 1202 2287 1298 qui
2322 1201 2532 1272 offert
2563 1198 2972 1272 sacrificium
2992 1200 3060 1269 de

963 1313 1355 1387 substantia
1399 1319 1767 1414 pauperis,
1816 1318 2018 1413 quasi
2052 1318 2175 1413 qui
2207 1317 2524 1388 victimat
2566 1317 2797 1388 filium
2831 1318 2900 1387 in
2930 1341 3062 1386 con-

963 1448 1210 1529 spectu
1239 1435 1457 1530 patris
1488 1433 1594 1504 sui
1621 1487 1639 1521 ‚
1687 1463 1721 1500 »
1762 1432 1883 1530 [et]
1922 1464 1957 1498 α
2000 1433 2204 1530 panis
2230 1433 2591 1526 egentium
2608 1433 2755 1504 vita
2781 1434 3063 1530 pauperis

963 1565 1100 1634 est3
1159 1551 1281 1642 qui
1335 1549 1711 1620 defraudat
1759 1549 1999 1640 illum,
2062 1550 2286 1621 homo
2342 1550 2705 1643 sanguinis
2750 1565 2889 1638 est,
2936 1579 2967 1616 »
3010 1564 3065 1620 et

971 1695 1004 1732 α
1047 1667 1170 1761 qui
1198 1667 1424 1736 aufert
1459 1667 1529 1735 in
1567 1666 1829 1737 sudore
1859 1692 2147 1766 panem,
2187 1668 2386 1764 quasi
2418 1669 2543 1763 qui
2576 1667 2838 1739 occidit
2869 1670 3061 1765 proxi·

969 1807 1166 1851 mum
1218 1808 1451 1857 suum.
1501 1811 1536 1849 »
1583 1789 1767 1854 Ecce
1823 1801 2171 1882 quantum
2220 1800 2429 1878 gratae
2474 1799 2546 1854 et
2592 1799 2896 1881 acceptae
2935 1800 3062 1855 sunt

966 1898 1056 1967 (le
1091 1900 1340 1995 rapina
1367 1915 1434 1968 et
1474 1899 1735 1970 sudore
1770 1926 2171 1998 pauperum
2214 1900 2409 1971 sactae
2444 1899 2885 1993 oblationes,
2920 1901 3061 1972 sicut

969 2016 1152 2087 illius
1187 2018 1337 2113 qui,
1379 2032 1542 2088 ante
1575 2034 1879 2115 patrem,
1924 2033 2264 2090 mactaret
2299 2016 2521 2087 filium
2557 2043 2799 2088 suum.

1064 2133 1262 2203 Tales
1319 2149 1559 2204 autem
1607 2135 1818 2204 fuisse
1876 2132 2275 2204 oblationes
2330 2148 2401 2203 et
2449 2134 2962 2229 eleemosynas,
2996 2130 3061 2200 de

969 2248 1085 2317 tali
1137 2265 1461 2347 acceptas
1516 2250 1760 2337 luem,
1809 2249 2021 2344 hujus
2077 2250 2165 2320 de
2215 2275 2362 2344 quo
2410 2249 2624 2319 nobis
2664 2264 2776 2320 est
2828 2271 3056 2335 serm0,

971 2365 1203 2434 nullus
1257 2383 1362 2436 est.
1413 2367 1535 2463 qui
1585 2369 1872 2436 nesciat.
1915 2366 2093 2451 Qui¹
2128 2367 2342 2436 etiam
2390 2381 2458 2435 et
2498 2389 2883 2462 pauperes,
2920 2386 3065 2460 quos

968 2481 1518 2552 calumniatores
1556 2483 1658 2552 sui
1697 2482 2083 2577 (malorum
2114 2483 2589 2578 auspicatores
2618 2496 2835 2577 atque
2859 2479 3064 2576 explo-

969 2611 1263 2680 1·at‹)reS‚
1303 2621 1518 2691 quos,
1574 2597 1674 2666 uti
1708 2597 2045 2686 diximuS,
2084 2621 2213 2693 per
2244 2620 2493 2666 omnes
2520 2597 2721 2690 regni
2753 2596 2858 2665 sui
2891 2617 3066 2686 augu-

973 2712 1076 2780 los
1125 2737 1404 2809 sparsos
1463 2712 1821 2806 habebat)
1867 2738 1993 2809 per
2034 2712 2467 2783 calumniam
2502 2712 2696 2783 velut
2732 2712 2822 2782 de
2865 2712 3066 2804 aliquo

971 2853 1096 2922 prr
1161 2853 1284 2897 eos
1341 2830 1667 2921 nequiter
1716 2829 1909 2898 dicto
1970 2843 2091 2899 aut
2146 2829 2331 2900 sacto
2388 2828 2846 2918 detulissent,
2910 2826 3069 2897 nullo

971 2943 1222 3011 ordine
1244 2943 1624 3038 judiciario
1651 2947 2019 3014 convictos
2045 2961 2110 3013 et
2144 2945 2521 3016 damnatos
2547 2946 2635 3014 ad
2668 2970 2887 3016 unam
2914 2942 3071 3012 obla-

972 3063 1240 3128 tionem
1281 3060 1603 3156 pluresve
1638 3063 1765 3151 (sie
1796 3063 1987 3132 enim
2028 3063 2250 3158 loqui,
2291 3078 2359 3132 et
2394 3063 2751 3159 appellare
2782 3062 3070 3158 hujusce-

972 3176 1167 3244 modi
1213 3177 1461 3272 impias
1498 3180 1935 3248 exuit-simus
1976 3181 2219 3249 solitus
2258 3179 2436 3272 erat)
2467 3181 2761 3275 ipsemet
2800 3177 3065 3260 taxabat,

973 3308 1036 3361 et
1073 3295 1379 3390 propriis
1415 3294 1746 3365 manibus
1784 3296 2204 3392 plerumque
2240 3295 2653 3392 recipIebat,
2688 3321 2821 3367 suo
2857 3293 3073 3366 nihilo-

977 3412 1208 3479 minus
1278 3412 1611 3509 improbo
1691 3415 2185 3485 calumniatori
2262 3413 2515 3511 pratdae
2591 3417 2919 3511 portione
2992 3433 3075 3478 re·

971 3529 1158 3598 licta.

1073 3649 1189 3712 Ha·
1223 3661 1418 3714 eraut
1449 3648 1779 3736 maten-izv,
1806 3647 1955 3716 hare
1981 3649 2167 3742 juste
2201 3648 2568 3742 acquisita,
2592 3647 2745 3717 lia‘c
2776 3669 3072 3742 compen·

973 3763 1089 3831 (lia
1124 3761 1211 3830 (le
1247 3762 1506 3858 quibus
1545 3781 1642 3834 tot
1685 3764 2083 3834 oblationes
2120 3767 2432 3835 Domino
2470 3763 2849 3852 offerebat,
2897 3758 3069 3834 simul

972 3879 1183 3948 etiam
1216 3879 1305 3948 (le
1340 3880 1474 3950 illis
1509 3883 1703 3952 saiwis
1742 3899 1952 3977 atque
1988 3882 2514 3953 immanissimis
2558 3881 2902 3971 collectis,
2942 3876 3069 3975 qui-

973 3991 1105 4063 bus
1159 3993 1694 4066 intolerabiliter
1748 4012 2159 4092 aggravatos
2205 3996 2529 4068 subditos
2576 3999 2819 4093 inopia
2869 3990 3071 4093 profli-

1058 4234 1108 4285 1.
1164 4234 1297 4300 Qua·
1324 4230 1463 4286 dans
1497 4231 1546 4288 le
1578 4252 1680 4286 ms.
