3400 5417
947 1030 1289 1120 INDEX
1357 1028 2172 1121 CAPITULORUM

482 1277 544 1314 ΙΝ
573 1277 694 1323 QUAE
733 1276 1100 1316 monnmvrnn
1142 1277 1523 1317 msTonnnuu
1558 1276 1833 1316 Lunovml
1873 1278 1936 1315 xl
1972 1279 2124 1317 unm
2159 1280 2276 1318 DUO
2313 1278 2606 1317 Posrmx.

1281 1522 1489 1577 LIBER
1528 1523 1824 1578 SEXTUS.

2475 1650 2617 1686 nors

481 1704 801 1758 Cui-runnu
833 1724 1067 1758 ramim.
1098 1734 1171 1748 —
1196 1704 1358 1772 Quod
1403 1725 1514 1759 non
1556 1708 1746 1774 luctus,
1782 1706 1874 1761 sed
1911 1708 2090 1762 laetitia
2133 1709 2190 1762 in
2231 1706 2480 1763 Flandria

551 1804 604 1842 et
634 1789 918 1842 Brabantia
950 1790 1049 1842 fuit
1075 1788 1143 1840 de
1169 1802 1337 1842 morte
1360 1790 1559 1855 Caroli,
1584 1791 1841 1863 principis
1860 1792 1973 1859 sui3
2000 1806 2052 1845 et
2079 1791 2145 1844 de
2165 1793 2476 1845 tumultibus

552 1894 615 1928 ac
652 1872 999 1928 seditionibus
1040 1875 1382 1946 popularium
1411 1875 1582 1928 statim
1618 1890 1740 1947 post
1763 1877 2054 1929 subsecutis
2061 1915 2322 1932 ........
2346 1920 2352 1927 .
2379 1918 2391 1930 .
2415 1916 2428 1929 .
2451 1916 2464 1928 .
2588 1880 2610 1929 1

481 1997 801 2050 Curi-umas
827 2016 887 2051 ιι.
913 2027 986 2039 -
1008 1998 1247 2064 Qualiter
1279 2018 1369 2051 rex
1410 1998 1581 2052 statim
1608 1999 1889 2070 occupavit
1921 2012 2085 2051 terras
2103 1998 2358 2071 plurimas
2381 1998 2472 2051 Pi·

554 2081 773 2148 cardiae;
802 2095 853 2135 et
886 2081 953 2136 de
976 2084 1237 2154 legatione
1258 2084 1328 2137 ad
1356 2104 1479 2137 eum
1509 2084 1663 2137 missa
1692 2104 1757 2137 ex
1779 2082 2042 2139 Gandavo
2053 2122 2464 2139 ............
2583 2085 2617 2135 4

482 2209 802 2261 Curi-uum
829 2226 910 2263 ιιι.
930 2238 1000 2249 -
1029 2208 1320 2274 Quomodo
1352 2222 1403 2263 et
1424 2228 1529 2280 qua
1566 2209 1633 2262 de
1657 2228 1841 2273 causa,
1870 2209 2092 2263 reversis
2121 2208 2302 2280 legatis
2320 2250 2334 2273 ‚
2375 2227 2473 2261 no·

552 2294 764 2344 luerunt
806 2292 980 2345 Status
1014 2292 1408 2358 Flandriarum‚
1435 2294 1639 2347 collecti
1666 2293 1810 2365 apud
1834 2292 2178 2358 Gandavum,
2202 2291 2474 2346 intendere

551 2376 623 2429 ad
654 2396 714 2429 ea
740 2395 855 2447 quae
888 2397 980 2429 rex
1015 2379 1317 2449 postulabat
1328 2415 2471 2433 ................................
2587 2378 2622 2429 9

482 2503 799 2555 Curi-num
835 2522 911 2559 xv.
936 2533 1009 2545 —
1038 2506 1115 2555 De
1143 2502 1587 2556 condemnatione
1623 2517 1673 2555 et
1707 2502 1969 2576 supplicio
2002 2515 2216 2575 sumpto
2244 2501 2311 2554 de
2334 2520 2466 2555 can-

556 2587 767 2639 cellario
792 2588 943 2641 ducis
966 2587 1202 2641 defuncti
1226 2602 1277 2643 et
1299 2588 1520 2641 domino
1545 2588 1613 2642 de
1640 2588 1993 2640 Humbercourt
1999 2626 2465 2643 ..............
2552 2590 2610 2640 Η

486 2715 801 2767 curruum
838 2733 889 2765 v.
916 2742 990 2753 —
1014 2714 1091 2765 De
1133 2712 1268 2765 duce
1312 2714 1568 2780 Clivensi,
1615 2712 1748 2783 quid
1793 2711 2037 2766 Gandavi
2069 2727 2280 2785 ageret3
2323 2726 2373 2765 et
2408 2712 2475 2766 de

555 2798 816 2869 legatione
840 2798 976 2868 regis
1005 2797 1073 2849 ad
1106 2798 1473 2869 principissam
1492 2838 1507 2863 ,
1537 2812 1587 2851 et
1609 2799 1712 2851 alia
1734 2798 1998 2870 legatione
2022 2797 2177 2851 missa
2202 2797 2382 2850 denuo
2412 2815 2474 2849 ex

554 2910 704 2967 parte
722 2895 1044 2967 principissae
1063 2910 1112 2948 et
1138 2913 1355 2946 suorum
1383 2894 1453 2947 ad
1479 2914 1655 2967 regem
1666 2933 2466 2949 .......................
2555 2896 2620 2946 ¹5

486 3019 802 3073 Carnutum
838 3039 912 3075 vr.
942 3048 1014 3059 —
1037 3020 1113 3070 De
1140 3019 1398 3089 legatione
1430 3019 1765 3090 imperatoris
1788 3021 2054 3075 Frederici
2077 3022 2233 3075 missa
2266 3020 2478 3075 Ganda-

556 3124 681 3155 vum
702 3144 717 3169 ,
766 3117 817 3155 et
867 3102 933 3155 de
986 3104 1328 3155 matrimonio
1381 3105 1520 3156 inter
1572 3106 1942 3175 principissam
1964 3146 1978 3169 ,
2024 3119 2334 3177 praesentem
2356 3145 2373 3171 ‚
2425 3118 2477 3157 et

556 3188 979 3241 Maximilianum
998 3228 1013 3253 ,
1048 3206 1143 3258 per
1167 3188 1457 3257 legitimum
1480 3202 1880 3259 procuratorem
1900 3229 1915 3259 ,
1946 3208 2041 3259 per
2067 3191 2226 3241 verba
2249 3188 2317 3241 de
2339 3208 2474 3260 prae·

557 3276 687 3328 senti
718 3287 989 3327 contracto
1002 3311 2469 3328 .........................................
2555 3276 2620 3332 19

487 3401 805 3452 Cum-uum
832 3417 925 3451 vu.
951 3428 1024 3439 —
1044 3396 1335 3465 Quomodo
1362 3417 1454 3450 rex
1481 3396 1738 3451 ducatum
1763 3396 2084 3469 Burgundiae
2111 3398 2307 3467 absque
2333 3397 2475 3450 bello

556 3484 831 3554 acquisivit
855 3525 867 3548 ,
900 3497 950 3535 et
974 3482 1041 3535 de
1066 3483 1235 3553 prima
1262 3481 1541 3535 obsidione
1578 3482 1793 3534 Dolensi
1806 3519 2466 3535 ...................
2551 3482 2617 3532 22

486 3612 803 3665 (iuri-unum
835 3628 950 3663 vm.
980 3640 1053 3651 —
1076 3608 1367 3676 Quomodo
1409 3609 1718 3662 Atrebatum
1752 3627 1845 3659 rex
1892 3606 2055 3659 armis
2083 3605 2358 3677 acquisivit
2383 3648 2396 3672 ,
2428 3619 2477 3658 et

556 3699 899 3750 Cameracum
925 3708 1111 3767 sponte
1143 3712 1196 3746 se
1225 3693 1371 3746 dedit
1380 3730 2468 3748 ...............................
2553 3693 2620 3743 26

487 3824 803 3873 Cui-rurum
832 3840 905 3873 rx.
934 3851 1007 3862 —
1029 3821 1105 3873 De
1148 3820 1539 3891 expugnatione
1576 3816 1767 3891 oppidi
1798 3824 2042 3883 Avesnes,
2074 3815 2225 3869 ducis
2255 3816 2484 3869 Geldriae

558 3905 699 3957 caedc
716 3947 730 3971 ,
758 3919 807 3958 ct
835 3906 1095 3957 exercitus
1119 3905 1158 3956 F
1162 3905 1515 3975 lamingorum
1548 3904 1920 3975 profligatione
1944 3916 1996 3954 et
2019 3901 2396 3972 dispersione..
2419 3940 2431 3953 .
2456 3940 2468 3953 .
2552 3902 2610 3951 3¹

488 4030 804 4084 Curi-uum
830 4050 879 4082 x.
912 4060 982 4073 --
1012 4029 1307 4083 Admiratio
1345 4048 1441 4081 cur
1484 4046 1593 4081 non
1631 4028 1789 4080 fuerit
1829 4028 1978 4080 aliter
2015 4028 2111 4079 sibi
2157 4025 2478 4078 arridentem

560 4116 826 4168 fortunam
854 4128 1189 4186 prosecutus,
1217 4127 1336 4167 ante
1366 4112 1650 4166 adventum
1682 4112 2060 4176 Maximiliani,
2093 4110 2182 4164 sed
2210 4130 2236 4163 a
2262 4110 2478 4162 feliciter

560 4219 589 4251 a
613 4218 665 4250 se
697 4200 875 4269 coeptis
899 4199 1173 4264 destiterit,
1201 4197 1573 4252 tantummodo
1597 4196 1913 4266 quibusdam
1945 4195 2391 4247 incursationibus
2427 4206 2477 4245 et

560 4302 808 4351 agrorum
838 4283 1276 4354 populationibus
1309 4302 1403 4354 per
1440 4301 1562 4335 suos
1590 4281 1800 4335 interim
1833 4282 1980 4334 factis
1988 4317 2465 4335 ..............
2550 4278 2620 4327 35
