3400 5417
1134 550 1351 605 LIBER
1397 548 1702 607 SEXTUS.
2403 554 2466 609 51

342 693 520 751 turae
578 679 1115 753 inchoationem
1170 678 1449 775 utrique
1504 678 1846 749 referrent
1865 734 1884 771 ‚
1933 704 2097 773 rex,
2166 680 2478 755 collectis

348 798 627 893 magnis
699 815 847 871 tam
920 823 1251 890 suorum,
1328 821 1546 895 quam
1613 797 2050 871 Suitensium
2121 799 2478 872 dictorum

346 916 613 1015 copiiS‚
659 917 877 989 duces
926 933 997 988 et
1050 916 1379 987 tribunos
1431 916 1738 987 militum
1781 918 2273 1014 quamplures,
2313 942 2480 989 cum

346 1034 663 1104 exercitu
708 1034 945 1105 valido
994 1049 1063 1104 et
1109 1057 1408 1127 magno,
1468 1032 1656 1104 misit
1707 1034 1779 1103 in
1831 1034 2347 1129 Burgundiam‚
2403 1049 2485 1105 ut

346 1148 769 1221 comitatum
795 1204 814 1241 ,
851 1174 1067 1246 quem
1115 1148 1355 1221 adhuc
1413 1147 1557 1221 dux
1611 1151 1902 1221 Austriae
1960 1150 2284 1241 tenebat,
2348 1150 2484 1222 sibi

344 1265 771 1361 acquireret.
842 1269 999 1336 Jam
1071 1265 1299 1355 enim,
1361 1280 1440 1335 ut
1506 1278 1673 1337 ante
1736 1265 2083 1357 diximus,
2143 1266 2484 1338 ducatum

350 1380 773 1473 Burgundiae
805 1395 1037 1451 totum
1075 1395 1460 1477 occuparat
1501 1394 1572 1449 et
1615 1380 2022 1468 detinebat;
2059 1396 2132 1453 et
2167 1406 2336 1453 cum
2369 1382 2485 1453 illa

345 1496 607 1567 misera
654 1497 885 1594 patria
934 1511 1108 1567 tunc
1163 1494 1659 1567 defensoribus
1713 1511 1786 1567 et
1839 1497 2055 1568 armis
2112 1522 2313 1595 paene
2363 1522 2483 1569 va-

346 1626 557 1682 cuata
584 1627 764 1683 esset
785 1669 803 1704 ,
856 1636 1005 1683 non
1040 1612 1280 1707 magni
1314 1612 1581 1705 negotii
1614 1626 1765 1683 erat
1794 1626 1996 1683 tanto
2029 1634 2112 1683 ac
2159 1627 2307 1684 tam
2355 1639 2486 1683 nu-

348 1752 635 1799 meroso
668 1729 1004 1799 exercitui
1039 1729 1234 1799 omni
1275 1753 1475 1824 paene
1514 1727 1847 1825 praesidio
1880 1727 2286 1802 destitutam
2325 1753 2482 1800 eam

347 1842 704 1938 subigere.

450 1960 745 2056 Ingressi
785 1962 997 2056 igitur
1047 1961 1220 2055 regii
1281 1976 1543 2031 terram
1597 1960 1789 2031 illam
1818 2017 1837 2053 ,
1895 1985 2251 2032 memores
2300 1962 2485 2034 illius

344 2078 605 2169 cladis,
669 2102 888 2175 quam
949 2078 1315 2174 superiore
1384 2100 1578 2146 anno
1644 2092 2108 2174 acceperant,
2169 2103 2336 2148 cum
2392 2077 2485 2150 ab

345 2191 727 2263 obsidione
768 2193 1016 2291 oppidi
1064 2191 1391 2261 Dolensis
1439 2189 1756 2261 submoti
1807 2205 1877 2261 et
1917 2191 2272 2289 profligati
2321 2192 2485 2264 fuis—

343 2320 504 2376 sent
528 2310 580 2396 ¹‚
621 2306 972 2403 oppidum
1017 2304 1251 2401 ipsum
1295 2302 1625 2374 obsidere
1665 2317 1736 2374 et
1771 2328 2177 2400 expugnare
2219 2318 2485 2375 statue-

346 2436 550 2513 runt,
601 2424 674 2493 in
710 2447 856 2518 quo
904 2422 1144 2516 aliqua
1183 2445 1269 2489 ex
1313 2419 1797 2510 Suitensibus‚
1847 2421 1975 2490 sed
2023 2421 2272 2515 exigua
2319 2423 2486 2492 satis

346 2538 674 2636 praesidia
734 2537 1188 2610 exsistebant.
1254 2539 1435 2605 Cum
1500 2551 1742 2606 autem
1802 2560 1931 2632 per
1987 2537 2262 2631 aliquot
2336 2538 2486 2608 dies

344 2654 767 2728 bombardis
804 2670 872 2726 et
907 2654 1256 2725 machinis
1285 2706 1303 2741 ‚
1346 2677 1524 2748 quas
1558 2653 1698 2723 illic
1735 2653 1981 2723 Franci
2012 2655 2084 2723 iu
2123 2656 2332 2752 copia
2363 2654 2488 2727 ad-

346 2786 716 2863 vexerant,
741 2786 967 2842 turres
984 2786 1053 2841 et
1070 2794 1442 2840 murorum
1466 2770 2007 2865 propugnacula
2033 2770 2477 2866 dejecissent,

360 2887 715 2985 oppidum
741 2888 975 2984 ipsum
1008 2885 1278 2979 absque
1315 2908 1579 2978 magno
1616 2886 1902 2979 negotio
1946 2902 2472 2983 expugnarunt.

347 3009 436 3074 Et
472 3030 676 3095 cum,
711 3005 822 3075 vel
851 3004 1075 3089 ca‘sis,
1122 3002 1225 3072 vel
1264 3002 1485 3099 captis
1523 3001 1834 3093 civibus,
1873 3004 2182 3100 exceptis
2213 3003 2324 3075 his
2357 3006 2481 3101 qui

344 3123 537 3193 elabi
582 3135 1003 3221 potuerunt,
1066 3119 1311 3191 omnia
1362 3118 1862 3217 diripuissent,
1917 3122 2152 3217 ipsum
2209 3124 2482 3220 insigne

344 3239 721 3333 quondam
766 3238 1113 3336 oppidum
1152 3234 1530 3305 crudeliter
1562 3236 1896 3307 incendio
1932 3256 2482 3311 concremarunt

346 3370 417 3425 et
471 3356 545 3426 in
590 3356 863 3427 cineres
906 3354 1414 3448 redegerunt²;
1458 3351 1652 3447 quod
1717 3369 2045 3449 perante,
2083 3369 2154 3425 et
2195 3356 2483 3427 studen-

346 3472 529 3540 tium
568 3472 1017 3542 universitate
1040 3526 1057 3561 ‚
1098 3483 1168 3538 et
1207 3468 1403 3538 curia
1446 3468 1869 3565 parlamenti
1907 3471 2090 3541 illius
2126 3485 2327 3542 terrae
2367 3497 2480 3543 su-

352 3613 637 3683 prema,
678 3614 803 3685 per
838 3612 1067 3659 annos
1092 3586 1326 3683 plures
1360 3585 1588 3655 fuerat
1623 3585 2058 3680 insignitum.

450 3708 761 3775 Fuerunt
793 3705 912 3800 qui
956 3702 1272 3772 dicerent
1319 3700 1669 3796 oppidum
1723 3701 1967 3773 fraude
2001 3705 2471 3799 Suitensium,

346 3822 474 3917 qui
505 3821 647 3891 illic
681 3845 812 3918 pro
840 3817 1165 3917 praesidio
1195 3813 1611 3907 adstabant,
1640 3820 1927 3889 Francis
1952 3844 2033 3889 ac
2065 3820 2478 3891 contribuli-

344 3938 483 4007 bus
513 3938 655 4007 suis
677 3994 693 4027 ,
732 3938 855 4033 qui
890 3937 962 4005 in
996 3934 1302 4004 exercitu
1338 3933 1518 4025 regis
1558 3948 1799 4025 erant,
1833 3934 2040 4005 fuisse
2081 3935 2470 4031 proditum.

341 4053 487 4123 Sed
524 4054 718 4150 quod
760 4055 855 4122 ita
890 4051 1095 4121 suerit
1123 4107 1139 4137 ,
1180 4064 1625 4144 compertum
1663 4051 1828 4119 satis
1879 4076 2024 4120 non
2080 4050 2469 4145 habemus;

424 4214 485 4263 1.
534 4211 679 4281 Voy.
715 4206 1017 4271 ci-dessus,
1051 4224 1089 4279 p
1118 4206 1212 4258 24.

422 4305 481 4357 5²..
536 4301 647 4355 Mai
682 4301 861 4355 1479.
