3400 5417
971 499 1090 556 278
1826 492 2241 564 AmmGlA,

1075 634 1298 700 Porro
1330 651 1496 700 cum
1530 650 1616 696 ex
1648 624 1849 705 curia
1884 624 2067 719 regis
2094 622 2621 720 Rothomagum
2650 621 2905 694 delam
2932 621 3103 694 fini&

973 758 1132 818 sent
1175 740 1590 840 hujusmodi
1621 741 1869 814 litterae
1923 737 2019 810 ad
2068 736 2291 810 finem
2338 738 2541 835 quod
2594 737 3019 813 solemniter
3046 750 3115 808 et

972 861 1216 960 palam
1250 857 1589 932 omnibus
1619 856 2186 956 publicarentur,
2222 879 2395 930 cum
2417 854 2539 927 illa
2568 853 2927 946 clausula,
2958 877 3119 949 quae

973 979 1065 1051 de
1101 976 1314 1050 nobis
1345 990 1418 1047 et
1451 975 1743 1069 collegis
1794 973 2055 1045 nostris
2098 972 2547 1044 mentionem
2587 968 2917 1043 habebat
2960 995 3117 1067 spe-

973 1095 1270 1185 cialem,
1305 1117 1348 1164 a
1380 1090 1748 1162 nonnullis
1779 1103 2163 1188 conspecta
2196 1088 2469 1181 fuisset,
2504 1089 2633 1184 qui
2674 1111 2809 1160 seu
2840 1087 3117 1158 sincera

972 1214 1351 1287 affectione
1383 1225 1454 1281 et
1489 1207 1978 1280 benivolentia
2006 1263 2025 1300 ,
2060 1230 2189 1278 seu
2222 1220 2381 1278 astu
2405 1219 2479 1276 et
2510 1205 2687 1277 dolo
2730 1221 2958 1304 atque
2990 1206 3117 1276 ini·

973 1332 1162 1402 mico
1186 1327 1430 1400 animo
1464 1325 1558 1397 ad
1585 1324 1811 1396 nostri
1844 1322 2535 1394 circumventione·
2566 1336 2917 1394 nostrum
2948 1320 3123 1392 desi·

972 1445 1325 1519 derabant
1374 1443 1680 1514 reditum
1737 1441 1810 1536 (a
1846 1464 1993 1535 quo
2038 1463 2173 1512 nos
2209 1462 2503 1537 prorsus
2542 1433 2771 1510 av'erti
2794 1489 2819 1525 ,
2874 1437 3119 1510 audito

975 1562 1175 1659 quod
1223 1561 1381 1632 talis
1417 1559 1509 1630 de
1565 1556 1779 1630 nobis
1827 1557 2210 1628 reservatio
2258 1553 2461 1628 fieret
2498 1557 2869 1654 specialis,
2924 1581 3119 1627 vere-

972 1675 1294 1770 bantur),
1347 1675 1593 1744 litterae
1645 1675 1813 1771 ipsae
1848 1671 2145 1742 minime
2200 1685 2495 1769 propter
2542 1671 2689 1743 hoo
2734 1670 3116 1768 publicata!

976 1792 1285 1879 fuerunt,
1324 1789 1449 1860 sed
1477 1789 1568 1860 ad
1597 1811 1840 1883 regem
1866 1786 2196 1880 remissae,
2240 1801 2345 1880 ut,
2388 1785 2669 1860 sublata
2699 1788 3117 1884 hujusmodi

973 1909 1064 1980 de
1100 1907 1312 1979 nobis
1349 1906 1699 1995 clausula,
1762 1902 2103 1977 omnibus
2134 1929 2221 1974 ex
2252 1927 2461 2000 aequo
2494 1929 2931 1976 communes
2980 1908 3121 1976 sine

975 2026 1216 2122 aliquo
1265 2023 1546 2094 delectu
1571 2021 1818 2093 litterae
1850 2019 2321 2092 haberentur.
2354 2022 2655 2092 Suasum
2690 2023 2973 2120 quippe
3006 2023 3123 2092 fuit

977 2143 1159 2236 regi,
1229 2141 1363 2210 nisi
1414 2139 1513 2210 ita
1565 2136 1803 2225 fieret,
1853 2161 1986 2207 uos
2039 2135 2447 2207 nullatenus
2510 2135 2661 2207 sore
2722 2137 3119 2228 redituros,

975 2257 1378 2330 haesitantes
1414 2279 1504 2325 ne
1540 2251 1801 2324 talibus
1834 2277 1968 2323 nos
2000 2276 2327 2350 premere
2364 2252 2663 2323 servitiis
2696 2253 2947 2346 vellet,
2984 2254 3126 2350 qui·

977 2373 1116 2444 bus
1169 2386 1596 2470 perpetuum
1630 2368 1868 2440 forsan
1919 2368 2245 2440 exsilium
2290 2369 2871 2467 praeponendum
2922 2371 3125 2441 duce·

982 2515 1241 2562 remus.
1301 2494 1379 2558 ln
1434 2513 1577 2585 qua
1622 2488 2091 2560 {estimatione
2111 2540 2131 2577 ,
2190 2488 2439 2585 procul
2484 2486 2713 2559 dubio
2740 2543 2760 2579 ,
2830 2490 3121 2560 minime

988 2603 1432 2678 fallebantur.

1691 2863 2239 2976 'CAPITULUM
2288 2907 2407 2975 ix.

1025 3100 1102 3149 De
1125 3095 1299 3150 reditu
1322 3109 1506 3148 nostro
1531 3094 1600 3147 ad
1629 3113 1807 3165 regem
1834 3111 1899 3147 ex
1927 3094 2211 3147 meantia
2238 3094 2337 3146 tub
2361 3092 2471 3146 fide
2493 3112 2711 3147 suarum
2734 3096 3094 3151 securitatum

1088 3298 1375 3372 Talibus
1402 3299 1614 3394 igitur
1640 3323 1764 3368 rex
1784 3295 2353 3394 suggestionibus
2380 3295 2629 3389 flexus,
2664 3298 2843 3370 alias
2874 3298 3129 3370 litteras

997 3417 1358 3513 generales
1392 3415 1661 3512 absque
1707 3414 1851 3485 ulla
1891 3438 2182 3512 prorsus
2214 3415 2631 3510 exceptione
2672 3414 2788 3486 vel
2824 3439 3132 3487 reserva·

999 3534 1194 3604 tione
1224 3534 1484 3604 confici
1503 3533 1733 3627 jussit,
1770 3548 1839 3602 et
1871 3530 2141 3628 ubique
2169 3556 2346 3602 voce
2370 3531 2727 3628 praeconia
2746 3534 3135 3629 praecinen-

1001 3647 1189 3720 tibus
1231 3648 1420 3719 tubis
1462 3647 1839 3746 publicari.
1881 3654 2116 3735 Quam
2151 3649 2544 3718 litterarum
2574 3646 3133 3744 publicationem

1003 3789 1170 3835 cum
1195 3766 1339 3835 cari
1378 3780 1447 3835 et
1485 3766 1860 3835 necessarii
1900 3765 2123 3834 nostri
2151 3763 2608 3855 audivissent,
2641 3788 2897 3834 earum
2930 3780 3137 3835 trans·

1004 3896 1288 3978 sumpta
1317 3881 1725 3951 authentica
1773 3880 1961 3951 illico
1993 3880 2085 3951 ad
2120 3905 2253 3950 nos
2288 3881 2763 3950 transmittere
2800 3894 3137 3952 curarunt

1005 4021 1172 4066 cum
1222 4013 1323 4066 tot
1372 3999 1584 4068 etiam
1625 3998 1981 4092 tantisque
2031 3996 2122 4067 ad
2169 4021 2300 4067 nos
2342 3997 2554 4066 variis
2590 3997 2947 4092 epistolis,
2996 4013 3139 4067 tum

1005 4136 1048 4182 a
1083 4113 1446 4182 nonnullis
1484 4114 1730 4182 amicis
1772 4137 1953 4206 quos
2006 4127 2179 4181 tunc
2224 4113 2297 4182 in
2354 4111 2653 4182 consilio
2692 4112 2891 4206 regio
2930 4111 3142 4183 habe·

1006 4227 1284 4316 bamuS,
1323 4243 1476 4298 tum
1511 4230 1725 4298 etiam
1756 4253 1797 4297 a
1832 4227 2124 4297 diversis
2162 4226 2463 4325 praelatis
2490 4227 2701 4300 nobis
2730 4229 3027 4300 caritate
3054 4253 3131 4298 ac
