3400 5417
977 514 994 567 l
1012 514 1083 568 32
1515 513 2030 570 HISTORIARUM
2074 509 2425 569 LUDovlcl
2468 515 2551 568 xl

968 645 1179 742 igitur
1227 659 1296 716 et
1351 642 1745 739 squalentia
1803 667 1973 715 arva
2018 642 2380 740 ligonibus
2445 645 2755 717 exerceri
2804 658 2871 716 et
2925 645 3098 716 laetis

968 761 1289 857 frugibus
1351 760 1631 852 vestiri,
1690 760 2124 831 commercia
2182 784 2466 856 quoque
2530 775 2718 832 terra
2778 761 3099 857 marique

965 879 1150 948 inter
1205 890 1543 972 utrosque
1602 876 1911 973 populos
1962 876 2389 970 frequentari
2444 874 2686 947 videre
2740 891 2887 948 erat
2912 933 2933 968 ,
2986 891 3093 966 et,

966 993 1204 1065 oblitis
1232 1006 1445 1088 atque
1472 990 1811 1062 obsoletis
1836 991 2152 1063 infaustae
2182 990 2555 1063 discordiae
2587 992 2888 1088 injuriiS,
2918 993 3101 1064 inter

963 1135 1112 1181 sese
1169 1124 1598 1181 mercatores
1641 1123 1712 1179 et
1756 1109 1934 1181 alios
1988 1110 2297 1181 incolas¹
2331 1108 2708 1182 ambarum
2758 1109 3098 1182 obedien·

963 1227 1221 1297 tiarum
1255 1225 1406 1296 dies
1443 1225 1653 1297 festos
1687 1240 1901 1321 atque
1929 1226 2126 1295 laetos
2157 1248 2364 1319 agere
2390 1250 2557 1296 cum
2585 1249 2849 1321 magna
2882 1227 3099 1297 animi

963 1341 1349 1413 alacritate.

1061 1455 1435 1554 Implendo
1467 1479 1634 1525 vero
1673 1456 2021 1551 promissa
2053 1480 2281 1546 nova,
2307 1478 2606 1552 sponsa,
2645 1481 2804 1552 quae
2839 1456 3099 1528 foedere

962 1574 1318 1669 conjugali
1354 1571 1649 1660 delfino,
1697 1572 1880 1666 regis
1910 1569 2085 1660 filio,
2139 1571 2547 1670 copulanda
2588 1571 2851 1664 suerat,
2884 1589 3101 1644 trans·

959 1707 1116 1762 acta
1167 1692 1439 1780 hieme,
1498 1714 1741 1760 mense
1806 1691 1997 1761 maio
2017 1694 2061 1778 ²,
2125 1691 2481 1788 deputatis
2532 1714 2573 1760 a
2613 1715 2775 1786 rege
2827 1691 3095 1788 legatiS,

961 1809 1225 1879 sociata
1275 1830 1534 1904 magna
1585 1831 1967 1903 procerum
2017 1807 2477 1878 dominarum
2508 1822 2826 1896 caterva,
2867 1809 2941 1878 in
2978 1834 3103 1906 op⁴

961 1924 1136 2022 pido
1173 1921 1530 1993 Hesdinelz
1592 1921 1889 1993 liberata
1952 1937 2053 1993 est
2112 1938 2182 1993 et
2234 1923 2529 2006 tradita3
2600 1923 2721 2018 qui
2785 1947 2949 1994 eam
3010 1925 3097 1994 ad

964 2063 1199 2133 regem
1237 2062 1589 2133 suumque
1625 2061 1972 2134 sponsum
2012 2036 2348 2108 eumdem
2381 2035 2729 2106 delfinum
2756 2036 3103 2135 perduxe-

963 2169 1155 2224 runt.
1220 2159 1378 2225 Erat
1439 2154 1634 2225 enim
1682 2153 1944 2223 tenella
1986 2153 2179 2223 velut
2234 2153 2685 2246 virguncula,
2741 2177 3101 2225 annorum

965 2270 1290 2341 videlicet
1345 2270 1624 2341 circiter
1670 2269 1921 2356 trium,
1978 2293 2133 2362 quae
2177 2267 2431 2338 hiemis
2477 2269 2931 2366 asperitatem
2982 2273 3103 2339 mi·

967 2387 1158 2456 nime
1202 2385 1511 2483 perferre
1554 2386 1938 2482 potuisset3
1979 2400 2048 2454 et
2081 2401 2460 2482 propterea
2503 2385 2789 2456 vernale
2823 2398 3105 2483 tempus

965 2517 1035 2572 et
1061 2502 1211 2597 jam
1240 2527 1467 2598 prope
1499 2501 1819 2570 aestivum
1843 2499 2399 2596 exspectandum
2440 2499 2605 2588 suit,
2646 2525 2735 2571 ne
2765 2501 2840 2570 in
2872 2502 3105 2572 tradu-

967 2617 1198 2687 cendo
1228 2641 1384 2688 eam
1414 2671 1430 2705 ,
1455 2617 1547 2688 ab
1584 2617 2039 2687 inclementia
2069 2617 2410 2714 temporis
2436 2617 2826 2688 laederetur.

1065 2733 1696 2820 Quemadmodum
1735 2758 1904 2802 vero
1939 2733 2330 2803 Galliarum
2347 2733 2680 2831 popuIOS,
2713 2759 2844 2830 pro
2866 2734 3105 2830 hujus-

969 2848 1252 2919 cemodi
1285 2849 1461 2918 inito
1495 2850 1756 2919 foedere
1790 2849 2015 2944 paciS,
2070 2849 2169 2918 uti
2208 2847 2539 2935 diximuS,
2592 2849 2841 2942 ingens
2876 2852 3105 2921 exsul-

969 2966 1142 3036 tatio
1198 2981 1266 3035 et
1326 2966 1562 3035 laetitia
1621 2964 1897 3051 affecit,
1969 2967 2064 3035 ita
2129 2965 2383 3059 Angliae
2447 2980 2730 3060 gentem
2800 2968 3107 3063 proinde

971 3081 1271 3151 fremere
1301 3106 1384 3151 ac
1421 3081 1780 3152 tabescere
1814 3080 2191 3151 serebatur.
2264 3085 2443 3150 Cum
2486 3082 2681 3150 enim
2705 3082 2967 3176 jugiter
3012 3083 3104 3153 ad

971 3199 1461 3270 invadendum
1539 3215 1656 3286 et,
1733 3199 1784 3267 si
1858 3213 2181 3295 possent,
2259 3197 2731 3291 subigendum
2806 3223 3107 3296 regnum

973 3322 1410 3386 Francorum
1464 3317 1774 3400 inhient,
1827 3314 1918 3384 ad
1972 3314 2169 3409 quod
2210 3329 2295 3383 ut·
2317 3314 2770 3410 perveniant,
2814 3316 2946 3384 nisi
2983 3341 3111 3412 per

975 3431 1294 3502 medium
1331 3433 1822 3502 intestinarum
1872 3428 2302 3499 seditionum
2338 3446 2406 3499 et
2438 3429 2959 3501 discordiarum
3009 3433 3111 3500 in·

977 3565 1082 3619 ter
1117 3549 1473 3646 principes
1527 3548 1759 3640 regni,
1796 3570 1993 3643 pzrne
2032 3544 2469 3642 impossibile
2516 3546 2832 3632 exsistat,
2874 3546 3111 3616 nullus

977 3665 1217 3735 mirari
1269 3663 1482 3734 debet
1525 3664 1578 3733 si
1621 3662 2030 3759 principum
2074 3685 2324 3756 pacem
2380 3677 2590 3758 atque
2642 3662 3109 3733 concordiam

974 3805 1155 3874 a‘gre
1204 3781 1489 3850 videant
1525 3795 1594 3849 et
1628 3776 2104 3874 conspiciant,
2144 3803 2297 3871 quae
2336 3777 2825 3848 nanciscendae
2866 3779 3111 3849 Galliac

978 3897 1173 3991 regni
1234 3895 1692 3992 possessioni,
1767 3893 2069 3963 multum
2126 3892 2216 3964 ab
2276 3894 2375 3963 eis
2432 3896 2854 3990 concupitae,
2904 3896 3110 3967 valde

1061 4154 1118 4210 l.
1169 4154 1272 4206 Ms.
1318 4154 1643 4206 Incolarum.

1057 4253 1110 4306 2.
1165 4250 1339 4305 1483.
