3400 5417
881 502 995 560 :162
1719 500 2099 561 APOLOGIA
2117 544 2134 572 ‚

876 634 1279 733 premitur),
1315 635 1635 733 quinque
1677 634 1772 715 ad
1809 658 2117 733 praem
2143 634 2790 733 considerationes,
2831 638 3012 719 ultra

877 754 1031 826 illas
1062 778 1246 851 quas
1286 754 1436 853 ipse
1469 751 1968 863 Lugdunensis
1997 751 2244 847 refert,
2282 754 2626 853 speciales
2669 757 2896 853 magis
2942 774 3016 833 et

875 868 969 942 ad
1002 893 1249 945 casum
1296 870 1424 966 qui
1456 894 1590 943 nos
1632 869 1990 966 confingit
2038 872 2646 969 appropriatiores
2686 886 2762 948 et
2809 897 3019 971 pecu

873 984 1197 1061 liariores
1231 985 1545 1059 breviter
1578 985 2006 1079 referemus,
2039 986 2306 1085 quibus
2327 988 2528 1064 velut
2552 988 2896 1063 antidotis
2925 989 3016 1063 ad

873 1100 1367 1175 deliniendum
1408 1117 1480 1174 et
1524 1040 2057 1178 dulcorandum
2113 1128 2411 1181 omnem
2463 1118 2722 1179 nostrae
2767 1107 3019 1187 amali·

872 1217 1201 1291 tudinem
1234 1220 1775 1318 persecutionis,
1805 1220 2053 1309 exsilii,
2090 1218 2341 1299 damni
2375 1219 2490 1296 vel
2512 1219 2834 1317 jactum,
2869 1247 3020 1297 om·

872 1358 1184 1432 nemque
1219 1335 1491 1409 doloris
1530 1360 1616 1409 ac
1649 1335 2082 1433 aegritudinis
2115 1337 2266 1409 vim
2312 1360 2440 1409 seu
2474 1336 2828 1435 impetum
2847 1394 2871 1431 ,
2915 1340 3017 1413 uti

871 1450 1185 1523 solemus
1210 1508 1228 1545 ‚
1290 1477 1553 1549 easque
1608 1451 2140 1548 insurgentibus
2202 1451 2568 1527 interdum
2638 1453 2753 1525 vel
2813 1456 3019 1527 surri-

871 1567 1234 1665 pientibus
1264 1569 1609 1643 dolorum
1654 1570 1992 1663 stimulis,
2039 1571 2234 1643 velut
2279 1594 2483 1643 arma
2519 1570 2770 1648 validae
2805 1585 2880 1645 et
2910 1573 3019 1645 in-

870 1685 1069 1760 victae
1103 1686 1576 1777 defensionis,
1620 1711 2024 1785 opponere.

969 1802 1209 1875 Prima
1250 1804 1580 1901 quidem,
1626 1804 1828 1902 quod
1856 1828 2105 1875 amore
2129 1804 2416 1901 justitiae
2453 1819 2526 1875 et
2553 1803 2727 1879 odio
2757 1805 3022 1903 iniqui-

870 1919 1030 1991 tatis
1070 1934 1285 2018 atque
1320 1921 1718 2018 tyrannidis
1747 1946 1882 1994 nos
1909 1922 2302 2020 impiorum
2337 1921 2718 1993 incurrisse
2747 1922 3020 1995 calum-

871 2038 1025 2109 nias
1062 2051 1133 2108 et
1169 2038 1743 2135 persecutionem
1792 2063 2075 2137 passm,
2121 2052 2196 2110 et
2245 2062 2399 2109 non
2449 2039 2590 2112 alia
2629 2063 2719 2109 ex
2763 2062 3016 2133 causa,

868 2168 1204 2251 putamus
1232 2167 1445 2250 atque
1488 2154 1563 2224 in
1598 2155 1918 2243 Domino
1966 2152 2425 2227 confidimus,
2466 2157 2647 2227 Nam
2689 2178 2906 2245 cum,
2945 2170 3023 2227 ut

869 2292 1085 2366 supra
1133 2269 1345 2341 latius
1406 2270 1778 2341 retulimus
1800 2325 1819 2360 ‚
1879 2269 2285 2343 videremus
2337 2268 2748 2365 gravissime
2803 2283 3022 2367 atque

868 2384 1385 2457 immanissime
1447 2383 1541 2457 ab
1600 2385 1866 2483 iniquis
1922 2384 2336 2460 universum
2399 2385 2756 2483 populum
2821 2386 3021 2480 regni

872 2502 1288 2599 (praesertim
1333 2504 1720 2602 provinciae
1778 2502 2273 2595 Normanniae,
2334 2516 2552 2596 atque
2583 2501 2804 2577 etiam
2853 2526 3020 2599 per-

868 2620 1174 2718 amplius
1214 2634 1471 2691 nostrae
1518 2618 1876 2713 dioecesis)
1926 2618 2240 2716 opprimi
2273 2632 2345 2688 et
2374 2617 2674 2689 lacerari
2705 2617 2780 2689 in
2817 2619 3020 2689 omni

865 2735 1251 2806 hominum
1283 2750 1493 2826 statu,
1541 2734 1766 2831 gradu
1814 2748 1886 2804 et
1923 2734 2214 2826 ordine,
2250 2757 2713 2828 omnemque,
2747 2733 2805 2803 si
2843 2732 3022 2829 quid

868 2851 1105 2922 adhuc
1156 2878 1241 2922 ex
1293 2850 1654 2950 prioribus
1715 2852 2104 2947 tyrannicis
2154 2848 2742 2949 usurpationibus
2805 2865 3023 2947 atque

869 2969 1453 3066 oppressionibus
1489 2970 1817 3040 relictum
1854 2994 2003 3040 esse
2038 2984 2407 3067 potuerat,
2447 2968 2743 3040 cuilibet
2779 2968 3023 3040 homi·

868 3110 1044 3155 num
1104 3087 1315 3157 statui
1362 3087 1539 3184 eripi
1600 3086 2039 3178 libertatem,
2103 3101 2172 3156 et
2228 3110 2480 3156 omnes
2530 3084 3023 3156 indifferenter

867 3201 1253 3274 miserabili
1313 3203 1637 3274 addictos
1675 3203 2038 3293 servituti,
2097 3216 2370 3273 tantam
2408 3200 2828 3295 injustitiam
2861 3215 3021 3272 tan·

868 3332 1114 3413 tasque
1161 3334 1231 3389 et
1264 3334 1409 3392 tam
1450 3343 1694 3414 graves
1729 3319 2024 3414 injurias
2065 3317 2642 3414 calamitatesque
2691 3316 3022 3417 publicas

868 3451 940 3506 et
993 3437 1303 3533 privatas
1360 3459 1565 3532 aequo
1607 3436 1854 3507 animo
1909 3459 2046 3506 nec
2088 3435 2439 3534 perferre,
2480 3459 2616 3506 nec
2660 3434 2909 3509 videre
2948 3451 3020 3507 et

870 3552 1130 3621 intueri
1165 3566 1602 3648 poteramus„

969 3671 1223 3737 Fuerat
1296 3667 1666 3765 provincia
1743 3664 1877 3736 sub
1945 3665 2337 3760 Anglorum
2393 3666 2740 3763 imperio,
2813 3680 3020 3739 aetate

872 3797 1140 3875 nostra,
1178 3785 1303 3879 qui
1339 3799 1612 3855 veteres
1648 3785 1887 3854 hostes
1921 3784 2164 3879 patriae
2186 3797 2635 3881 reputantur,
2673 3786 2830 3852 Deo
2867 3808 3022 3880 per-

872 3900 1229 3985 mittente,
1292 3916 1581 3994 reguata
1618 3916 1689 3971 et
1729 3925 2050 3998 possessa
2081 3924 2313 3971 annos
2350 3900 2657 3997 amplius
2699 3901 3012 3996 triginta.

871 4016 1150 4101 Quibus
1197 4016 1780 4106 decurrentibu8‚
1834 4018 2117 4113 quantis
2173 4016 2532 4114 completa
2577 4014 2788 4087 fuerit
2835 4015 3021 4087 cala-

873 4134 1267 4228 mitatibuS,
1325 4151 1476 4206 tum
1527 4136 1619 4207 ab
1671 4136 1840 4233 ipsis
1891 4134 2226 4231 AnglieiS,
2285 4150 2438 4205 tum
2489 4147 2559 4204 et
2612 4132 2922 4203 maxime
2977 4155 3022 4203 a

871 4254 1088 4325 Gallis
1137 4279 1261 4324 eos
1312 4255 1478 4325 inde
1531 4254 1883 4353 expellere
1927 4254 2275 4324 continuo
2323 4249 2797 4339 conantibus,
2867 4273 3018 4319 non
