3400 5417
985 568 1062 626 20
1529 560 2046 620 mSTomARUM
2088 558 2444 619 Ltmovlcl
2484 562 2570 618 xl

983 724 1160 771 num
1195 696 1622 769 Badensium
1647 753 1666 788 ,
1712 695 1924 767 frater
1946 709 2015 767 et
2046 694 2232 765 filius
2263 693 2575 765 duorum
2608 696 3105 768 marchionum

983 815 1108 911 qui
1127 813 1489 885 novissimi
1511 812 1821 903 fuerunt,
1844 826 1915 882 et
1938 826 2229 909 patruus
2262 809 2591 881 moderni
2615 811 3099 884 marchionis¹.

985 935 1209 1001 Porro
1257 943 1421 1000 ante
1475 929 1906 1027 praemiserat
1943 927 2133 999 idem
2173 928 2559 1025 imperator
2596 927 2982 1024 quemdam
3014 930 3109 1000 vi-

983 1072 1146 1117 rum
1205 1044 1681 1117 venerabilem
1708 1101 1727 1137 ,
1766 1045 2271 1116 cancellarium
2332 1069 2540 1115 suum
2563 1099 2585 1137 ,
2644 1045 3103 1139 Georgium',

983 1162 1396 1263 Apostolicae
1447 1161 1634 1234 sedis
1682 1161 2303 1258 protonotarium,
2339 1160 2460 1255 qui
2498 1158 2871 1255 diligenter
2896 1176 3109 1256 atque

983 1276 1321 1371 sagaciter
1355 1277 1755 1374 exploraret
1781 1300 1872 1347 an
1898 1300 2010 1345 res
2036 1273 2130 1345 ad
2162 1274 2632 1344 intentionem
2673 1298 2875 1345 suam
2906 1273 3109 1373 perfi-

983 1394 1311 1465 ciendam
1334 1393 1688 1490 dispositae
1703 1391 1969 1481 forent,
2012 1391 2108 1461 ita
2142 1405 2218 1460 ut
2248 1413 2395 1460 non
2424 1390 2728 1461 inaniter
2743 1406 2814 1462 et
2845 1390 3108 1461 infruc-

981 1524 1183 1602 tuose
1216 1523 1363 1579 tam
1391 1508 1727 1579 solemnis
1751 1506 2010 1600 legatio
2049 1506 2394 1577 mittenda
2424 1530 2557 1603 pro
2580 1531 2654 1576 re
2686 1520 2881 1578 tanta
2924 1506 3108 1577 vide-

982 1639 1200 1695 retur.
1237 1628 1478 1717 Longe
1516 1622 1840 1721 profecto
1898 1622 2232 1692 differens
2260 1636 2407 1693 erat
2446 1621 2538 1692 ab
2579 1646 2664 1694 ea
2701 1647 2919 1720 quam
2948 1649 3104 1709 rex,

988 1740 1090 1809 uti
1119 1739 1451 1828 diximus,
1485 1738 1705 1836 paulo
1733 1753 1896 1808 ante
1925 1739 2208 1809 miserat
2230 1794 2248 1829 ,
2274 1738 2395 1832 qui
2430 1763 2638 1808 suum
2664 1738 3111 1810 barbitonso-

983 1882 1134 1928 rem
1201 1881 1332 1955 pro
1377 1882 1453 1927 re
1500 1858 1677 1926 tanti
1744 1857 2087 1928 momenti
2144 1856 2455 1951 legatum
2526 1856 2808 1927 miserat
2834 1912 2852 1943 ‚
2919 1857 3107 1945 talis,

982 1973 1268 2071 qualem
1319 1973 1660 2059 diximuS,
1728 1974 2181 2066 cognomenti
2247 1972 2453 2042 titulo
2520 1996 2651 2069 pro
2717 1975 2859 2045 suis
2908 1974 3113 2043 claris

984 2089 1251 2160 meritis
1298 2089 1735 2182 insignitum.

1083 2209 1324 2300 ltaque
1348 2230 1512 2275 cum
1539 2205 2037 2299 cognovissent
2058 2200 2324 2300 praefati
2360 2202 2568 2297 legati
2594 2203 2769 2299 quid
2795 2228 2924 2301 per
2952 2230 3117 2303 prae-

983 2320 1204 2391 fatum
1238 2321 1614 2391 dominum
1648 2320 2035 2413 Georgium
2076 2342 2286 2415 super
2336 2343 2436 2407 re,
2490 2343 2624 2416 pro
2660 2343 2801 2415 qua
2840 2320 3117 2417 profec-

985 2438 1122 2507 turi
1158 2451 1383 2524 erant,
1421 2437 1643 2507 fuerat
1677 2450 2178 2533 praeparatum,
2211 2460 2373 2506 cum
2408 2462 2532 2533 spe
2561 2435 2757 2508 bona
2790 2438 3115 2535 potiundi

987 2555 1244 2651 optatis
1278 2568 1345 2623 et.
1372 2555 1625 2649 cupitis
1655 2553 2099 2649 praesentiam
2137 2552 2353 2648 ipsius
2382 2553 2812 2650 principissae
2851 2571 3119 2626 mature

988 2670 1364 2765 petierunt.
1407 2669 1536 2737 Cui
1577 2692 1774 2754 cum,
1818 2691 2061 2736 coram
2097 2668 2266 2753 suiS,
2305 2670 2792 2763 exposuissent
2824 2671 3120 2765 qualiter

990 2785 1172 2854 iuter
1210 2782 1753 2852 illustrissimum
1796 2782 2209 2878 praedietum
2259 2784 2795 2879 imperatorem,
2844 2802 3117 2884 patrem

994 2900 1114 2970 filii
1157 2901 1343 2969 unici
1387 2900 1883 2988 Maximiliani,
1924 2913 1990 2968 et
2041 2900 2295 2969 inclitae
2347 2901 2855 2975 recordationis
2905 2910 3119 2977 Caro·

993 3018 1177 3105 lum,
1212 3016 1467 3086 ducem
1509 3042 1735 3112 nuper
1768 3014 2219 3100 defunctum,
2264 3019 2653 3109 genitorem
2688 3020 2907 3116 ipsius
2936 3024 3121 3120 prin·

996 3134 1295 3228 cipissae,
1345 3132 1852 3229 promissiones
1896 3146 2109 3228 atque
2163 3134 2581 3229 sponsiones
2620 3134 2911 3207 lirmatae
2957 3138 3120 3209 fuis-

997 3264 1152 3320 sent
1190 3250 1276 3319 de
1311 3246 1720 3343 copulando
1753 3249 1935 3317 inter
1968 3272 2039 3316 se
2073 3248 2407 3341 conjugio
2452 3250 2741 3321 eosdem
2782 3253 3118 3325 illustrem

998 3364 1551 3436 Maximilianum
1600 3377 1813 3459 atque
1864 3364 2089 3458 ipsam
2149 3365 2670 3463 principissam,
2734 3367 2820 3436 de
2868 3368 3120 3465 hisque

1076 3560 1133 3611 1.
1185 3556 1435 3629 Georges
1473 3551 1544 3607 de
1586 3550 1770 3617 Baete,
1814 3552 2035 3627 eveque
2071 3552 2142 3608 de
2177 3557 2355 3622 Meu,
2400 3554 2533 3611 etait
2575 3556 2661 3611 fils
2700 3555 2776 3613 du
2826 3576 3122 3637 margi-ave

995 3654 1276 3723 JacqueS,
1324 3656 1472 3700 mort
1513 3664 1582 3699 en
1623 3646 1813 3714 1453,
1849 3658 1901 3700 et
1940 3646 2088 3701 fri-re
2125 3647 2199 3703 du
2241 3667 2538 3725 margrave
2572 3648 2832 3722 CharieS,
2863 3666 3019 3711 mort
3056 3673 3120 3711 en

1000 3741 1177 3795 1475.
1211 3744 1291 3795 Le
1321 3756 1620 3814 margi-ave
1645 3739 1853 3807 actuel,
1889 3759 1989 3795 son
2022 3760 2231 3815 neven,
2263 3742 2397 3797 etait
2426 3741 2795 3820 Christophe,
2826 3746 2926 3821 qui
2957 3750 3121 3805 vecut

993 3832 1258 3907 jusqu'en
1297 3834 1474 3887 1527.
2410 3837 2417 3845 '

1079 3931 1136 3983 2.
1183 3928 1228 3984 ΙΙ
1260 3939 1338 3983 est
1373 3926 1602 3984 nomme,
1629 3927 1815 3983 Jooris
1850 3927 1920 3983 de
1947 3932 2273 3989 Herstelere
2300 3932 2441 3988 dans
2470 3934 2522 3990 la
2552 3933 2769 3990 minute
2796 3934 2871 3992 du
2900 3952 3125 3995 contrat

998 4020 1068 4076 de
1110 4020 1358 4096 mariage
1387 4019 1459 4075 de
1491 4019 1544 4075 la
1576 4018 1852 4076 duchesse
1878 4064 1891 4088 ‚
1936 4022 2032 4097 qui
2064 4037 2145 4079 est
2176 4044 2289 4081 aux
2322 4025 2595 4083 Archives
2638 4028 3016 4104 proxinciales
3058 4031 3125 4088 de

999 4117 1048 4170 ia
1099 4114 1340 4170 Flandl'e
1383 4113 1754 4170 occidentale.
1802 4118 2121 4191 Clarumque
2158 4122 2256 4175 deis·
2292 4123 2433 4194 faits
2471 4137 2523 4175 e!
2564 4137 2741 4195 gentes
2782 4127 3120 4181 admit-ables

997 4212 1069 4262 cle
1099 4208 1465 4262 Ma.2·imilien
1497 4211 1547 4276 l,
1582 4207 1884 4263 translati-e
1914 4208 1984 4263 de
2014 4209 2259 4268 ssamand
2290 4233 2359 4270 en
2397 4214 2636 4289 {ranqais
2668 4235 2770 4291 par
2798 4218 2924 4273 Oct.
2966 4219 3123 4274 Dele-

999 4301 1181 4377 pierre
1215 4302 1577 4374 (Bruxelles,
1614 4304 1812 4371 1839),
1850 4322 1905 4375 p.
1942 4306 2075 4359 449.
