3400 5417
989 505 1214 571 mm
1273 509 1657 570 sumnus.
2276 507 2382 570 ³51

264 648 538 718 civitate
571 658 776 718 erant
805 665 1090 716 summo
1115 643 1288 717 odio
1325 668 1535 716 suum
1569 645 1985 742 episcopum
2020 643 2389 738 habentes,

265 761 686 835 sufficientes
715 760 970 857 vigilite
1002 761 1116 833 vel
1149 761 1482 834 custodes
1509 758 1815 834 adhibiti
1846 761 2156 835 fuerunt.
2186 761 2393 834 Unde

263 875 536 951 exitiale
569 877 842 950 malum
876 878 1208 976 provenit
1241 877 1532 951 civitati.

351 994 553 1066 Feria
578 987 933 1090 siquidem
962 1005 1241 1090 quarta,
1268 1017 1427 1090 quae
1448 1008 1601 1066 erat
1623 991 1775 1068 dies
1799 992 2101 1091 septima
2122 995 2294 1068 maii
2324 1011 2394 1069 et

262 1109 488 1205 vigilia
513 1107 962 1182 Ascensionis
989 1108 1394 1200 dominicae,
1428 1108 1623 1181 dicto
1656 1129 1853 1181 anno
1877 1128 2389 1208 Mucccuxxm,

262 1225 346 1297 de
394 1239 607 1296 nocte
631 1228 677 1316 ²,
715 1226 906 1297 circa
941 1225 1204 1296 horam
1243 1224 1638 1297 secundam
1677 1239 1842 1322 post
1872 1225 2185 1298 mediam
2223 1251 2396 1300 noc-

261 1355 434 1435 tem,
473 1343 827 1412 irruentes
857 1341 1000 1412 illic
1038 1341 1388 1412 Henricus
1433 1341 1523 1410 de
1583 1339 1919 1414 Nievelde
1963 1355 2036 1413 et
2066 1341 2395 1416 satellites

259 1483 432 1556 quos
464 1458 558 1532 de
601 1473 788 1532 terra
819 1459 1133 1530 Clivensi
1170 1473 1241 1530 et
1273 1456 1754 1531 Amersfordia
1796 1479 2039 1529 sec-um
2078 1454 2395 1532 adduxe·

261 1590 385 1668 rat,
427 1576 825 1664 neminem,
864 1576 989 1672 qui
1020 1599 1158 1674 pro
1197 1573 1612 1648 defensione
1646 1588 1862 1647 staret
1894 1574 1967 1645 in
2003 1575 2388 1671 moenibus,

259 1694 703 1764 invenerunt.
737 1769 744 1776 ,
775 1691 982 1762 Unde
1046 1690 1249 1763 facile
1312 1689 1623 1764 admotis
1676 1691 1883 1763 scalis
1937 1691 2032 1763 ad
2096 1713 2341 1764 muros
2368 1750 2387 1785 ‚

261 1807 641 1880 obsistente
667 1807 895 1900 nullm
918 1805 1424 1880 transcendere
1451 1833 1697 1879 muros
1720 1821 2132 1905 potuerunt.
2166 1811 2221 1879 E
2244 1809 2397 1906 qui-

259 1923 385 1997 bus
435 1947 612 1996 cum
663 1922 995 1994 modicus
1053 1945 1396 1995 numerus
1437 1925 1627 1995 intro
1685 1924 2043 1996 civitatem
2097 1925 2391 1998 descen-

259 2040 460 2112 disset
488 2093 510 2130 ,
560 2039 780 2112 fertur
824 2038 1025 2136 quod
1072 2039 1462 2136 quamdam
1511 2054 1794 2137 portam
1842 2042 2215 2137 parvulam
2264 2066 2388 2113 seu

260 2162 512 2232 ostium
540 2215 559 2252 ,
612 2182 745 2259 per
781 2157 982 2255 quod
1022 2172 1533 2256 praeparatores
1564 2159 1929 2230 coriorum
1978 2158 2066 2229 ad
2125 2159 2385 2232 fossam

259 2277 553 2349 civitatis
598 2289 669 2348 et
712 2297 974 2373 aquam
1022 2276 1211 2346 exire
1245 2289 1797 2365 consueverant,
1836 2276 2276 2370 aperuerint,
2317 2294 2388 2349 et

260 2419 378 2492 per
410 2393 832 2492 hujusmodi
874 2391 1194 2464 foramen
1230 2414 1357 2463 seu
1391 2390 1654 2462 ostium
1692 2390 1981 2462 turbam
2026 2393 2385 2465 sociorum

261 2530 550 2581 suorum
603 2507 1140 2581 intromiserim.
1197 2507 1338 2592 Qui
1393 2529 1645 2575 omnes
1685 2506 1759 2575 in
1806 2527 2033 2576 unum
2089 2507 2383 2600 globum

261 2626 566 2714 collecti,
618 2626 762 2696 suis
824 2623 1059 2721 stipati
1119 2623 1334 2694 armis
1358 2677 1376 2713 ‚
1427 2622 1782 2718 praecipue
1828 2621 2379 2714 bombardelliS‚

260 2738 522 2812 balistis
555 2754 625 2812 et
661 2740 924 2827 contis,
978 2738 1289 2835 plateam
1329 2737 1629 2808 civitatis
1678 2737 2057 2834 petierunt.
2117 2743 2193 2809 ln
2244 2764 2385 2835 qua

261 2854 608 2952 siquidem
639 2856 934 2927 inventa
965 2876 1185 2951 parva
1231 2875 1455 2923 manu
1486 2852 2115 2949 stipendiariorum
2139 2910 2158 2947 ,
2204 2881 2386 2952 quos

261 2971 597 3068 proximis
633 2984 798 3042 ante
831 2968 1086 3040 diebus
1120 2966 1358 3038 bonus
1388 2967 1706 3063 pontifex
1737 2992 1872 3064 pro
1906 2969 2228 3043 custodia
2255 2972 2384 3042 ad-

260 3089 578 3181 sciverat,
618 3109 784 3158 cum
817 3088 917 3158 eis
951 3085 1172 3155 ferme
1197 3107 1325 3180 per
1357 3081 1662 3154 duarum
1697 3085 2007 3180 spatium
2042 3084 2386 3158 horarum

261 3205 682 3275 acerrimum
715 3202 1131 3273 conflictum
1158 3198 1589 3270 habuerunt.
1627 3200 2123 3272 Defendebant
2144 3207 2165 3238 ²
2195 3205 2383 3274 enim

261 3319 351 3389 illi
382 3333 672 3391 strenue
706 3320 1015 3417 plateam
1043 3345 1060 3405 ;
1096 3315 1612 3388 bombardellis
1645 3330 1720 3386 et
1748 3317 1955 3386 variis
2006 3318 2385 3389 missilibus

261 3436 587 3508 inimicos
623 3437 960 3535 repellere
999 3432 1432 3528 satagebant.

353 3552 811 3624 Horrendum
861 3565 1012 3623 erat
1048 3564 1118 3621 et
1161 3549 1610 3620 formidabile
1644 3546 1892 3619 audire
1937 3549 2393 3620 bombardel-

264 3669 484 3740 larum
518 3683 592 3740 et
621 3668 992 3739 missilium
1035 3667 1264 3761 jactus
1285 3721 1303 3756 ‚
1342 3667 1465 3762 qui
1498 3665 1667 3736 hinc
1702 3679 1773 3734 et
1806 3665 1972 3736 inde
2008 3667 2391 3738 mitteban-

265 3799 417 3876 ταῖς
484 3798 636 3857 tam
697 3785 888 3854 enim
957 3781 1214 3853 crebro
1273 3797 1344 3851 et
1409 3785 1837 3853 incessanter
1893 3782 2339 3881 crepitabant
2369 3840 2385 3873 ‚

343 3997 396 4051 1.
444 3992 746 4049 Matthaeus
765 4035 780 4060 ‚
811 3991 1038 4068 ‹l'apres
1071 3991 1150 4047 les
1181 3990 1445 4067 registi-es
1474 3989 1545 4047 de
1573 3988 1769 4046 l’hotel
1798 3991 1869 4048 de
1897 3990 2032 4046 ville
2061 3989 2391 4061 d’Utrecht‚

266 4087 481 4163 corrige
516 4085 780 4142 l'‹'·noncc
820 4086 890 4142 de
928 4099 1075 4142 cette
1126 4084 1257 4141 date
1279 4128 1293 4154 ‚
1338 4084 1435 4161 qui
1475 4084 1610 4140 etait
1639 4083 1883 4144 l'octave
1913 4099 1967 4142 et
1995 4105 2113 4142 non
2145 4087 2200 4142 la
2228 4086 2397 4143 veille

271 4179 336 4236 de
359 4181 736 4236 l'Ascension.

343 4277 399 4331 2.
447 4275 746 4330 Matthaeus
775 4275 1169 4348 defenderunt.
