3400 5417
920 519 1033 574 372
1780 516 2157 574 APOLOGIA
2184 558 2200 587 ,

914 651 1055 724 cati
1086 651 1304 722 totius
1332 650 1574 749 patriae
1602 649 1940 722 illitterati
1973 664 2045 721 et
2074 649 2360 749 penitus
2385 648 2566 746 juris
2595 664 2764 722 sunt
2790 650 3044 747 ignari,

915 766 1194 841 nullum
1235 766 1384 863 jam
1424 767 1565 837 tale
1616 766 2028 865 praesidium
2078 766 2381 866 praelatis
2436 765 2895 839 ecclesiarum
2942 793 3048 840 re·

913 882 1163 953 lictum
1215 895 1321 953 est
1343 933 1363 968 ,
1416 906 1550 953 nec
1598 883 1749 980 spei
1799 882 2132 954 solatium
2180 881 2381 978 quod
2426 907 2560 981 pro
2588 882 3050 980 quibuscum·

914 1025 1055 1096 que
1099 999 1374 1096 injuriis
1396 1053 1415 1089 ,
1474 1014 1729 1071 contra
1769 1001 2272 1073 ecclesiasticas
2323 1026 2486 1073 suas
2533 1003 2890 1101 praecipue
2925 1003 3049 1100 ju-

909 1117 1357 1190 risdictiones
1389 1116 1503 1186 vel
1542 1117 2029 1190 immunitates
2057 1143 2144 1189 ac
2173 1116 2534 1190 libertates
2566 1120 2668 1191 eis
2693 1120 3042 1215 irrogatiS,

901 1231 1249 1327 justitiam
1301 1256 1426 1303 seu
1458 1232 1989 1329 reparationem
2053 1233 2401 1331 consequi
2445 1235 2755 1332 possint,
2815 1235 3050 1307 ablata

905 1347 1006 1417 eis
1078 1347 1366 1444 penitus
1448 1346 1736 1418 licentia
1801 1362 1872 1418 et
1944 1347 2272 1419 facultate
2344 1373 2469 1419 seu
2536 1374 2667 1446 per
2734 1350 3048 1449 appella·

908 1464 1183 1533 tionem
1252 1488 1376 1533 seu
1440 1487 1568 1560 per
1627 1464 1820 1534 viam
1885 1464 2192 1559 querelae
2251 1478 2375 1535 aut
2419 1464 2592 1536 alias
2635 1464 2731 1538 ad
2784 1466 3049 1538 dictam

904 1578 1387 1651 venerabilem
1433 1580 1708 1651 curiam
1759 1581 2014 1675 regalis
2066 1581 2494 1679 parlamenti
2530 1585 2944 1657 recurrendi
2983 1599 3049 1655 et

902 1719 1035 1793 pro
1066 1694 1246 1790 juris
1280 1694 1602 1765 remedio
1654 1696 2143 1791 confugiendi.

1000 1808 1460 1880 Potiebantur
1494 1810 1697 1902 olim,
1737 1825 1818 1880 ut
1849 1812 2124 1882 cunctis
2159 1812 2324 1884 satis
2359 1815 2726 1885 notorium
2747 1816 3041 1908 exsistit,

903 1926 1170 2023 praelati
1233 1940 1304 1995 et
1363 1926 1672 1997 ecclesiae
1738 1929 2195 1999 Normanniae
2220 1984 2239 2022 ,
2309 1929 2929 2025 quemadmodum
2981 1947 3047 2002 et

899 2044 1132 2114 caeteri
1193 2042 1462 2140 praelati
1524 2058 1595 2113 et
1656 2044 1969 2115 ecclesiae
2034 2048 2228 2140 regni
2259 2102 2279 2138 ,
2352 2046 2492 2117 hac
2555 2045 2886 2119 libertate
2953 2052 3046 2119 eis

905 2159 1151 2254 utique
1202 2157 1488 2253 perutili
1552 2182 1636 2227 ac
1695 2161 2218 2256 pernecessaria
2241 2218 2259 2253 ,
2333 2162 2533 2259 quod
2575 2163 2649 2233 in
2690 2164 2840 2235 istis
2885 2189 3047 2235 con·

903 2273 1263 2344 troversiis
1324 2298 1482 2368 quae
1530 2273 1780 2345 dietim
1835 2276 2022 2346 inter
2079 2301 2202 2349 eos
2261 2292 2476 2375 atque
2539 2277 2780 2351 officia
2841 2305 3046 2352 saecu-

906 2392 1084 2463 laria
1148 2391 1421 2464 oboriri
1476 2393 1747 2480 solent,
1813 2418 1940 2464 seu
2004 2419 2218 2493 super
2277 2396 2693 2467 differentiis
2717 2398 3046 2494 jurisdic-

904 2508 1186 2578 tionum
1245 2533 1331 2579 ac
1375 2509 1911 2581 immunitatum
1945 2510 2618 2604 ecclesiasticarum,
2669 2538 2795 2585 seu
2839 2540 3046 2613 super

904 2624 1368 2695 ecclesiarum
1420 2626 1750 2718 dotibuS,
1806 2640 1876 2697 et
1918 2628 1990 2696 in
2039 2628 2443 2725 quibusque
2502 2629 2744 2701 arduis
2783 2646 2856 2702 et
2897 2654 3048 2727 gra-

903 2739 1224 2812 vioribus
1278 2741 1601 2835 negotiis,
1640 2766 1769 2837 per
1801 2743 1990 2812 viam
2027 2744 2331 2839 querelae
2369 2744 2778 2840 hujusmodi
2806 2772 3048 2820 causas

905 2856 1330 2928 obtinebant
1379 2882 1419 2928 a
1469 2883 1633 2953 rege
1682 2860 2036 2930 committi
2088 2862 2158 2931 in
2223 2860 2419 2931 curia
2467 2861 2892 2959 parlamenti
2940 2867 3047 2937 vel

907 2987 1394 3069 requestarum
1451 2975 1796 3064 Parisius;
1848 2989 1915 3044 et
1969 3000 2098 3072 per
2151 2975 2279 3045 has
2331 2976 2773 3049 venerabiles
2819 2985 3048 3053 curias

900 3088 1249 3182 justitiam
1312 3090 1564 3185 saepius
1603 3094 1944 3181 assecuti,
1987 3092 2449 3163 ecclesiarum
2509 3118 2800 3165 suarum
2842 3097 3043 3193 jura,

904 3202 1435 3298 jurisdictiones
1493 3220 1709 3299 atque
1769 3207 2252 3277 immunitates
2285 3224 2537 3281 contra
2600 3211 2844 3300 (10103,
2901 3216 3048 3285 vio-

913 3318 1166 3390 lentias
1202 3334 1271 3389 et
1303 3321 1697 3391 calumnias
1749 3320 2242 3393 advocationis
2287 3326 2635 3396 saecularis
2675 3343 2746 3398 et
2779 3328 3048 3401 officio-

912 3459 1072 3505 rum
1108 3437 1349 3532 patriae
1403 3452 1790 3531 utcumque
1833 3437 2272 3531 tutabantur,
2336 3442 2784 3540 quietiusque
2825 3446 3047 3516 multo

915 3566 985 3620 et
1032 3551 1477 3647 tranquillius
1542 3567 1609 3622 et
1670 3553 1961 3631 liberius
2012 3556 2152 3625 suis
2207 3570 2376 3626 tunc
2425 3558 2889 3654 potiebantur
2939 3563 3047 3657 ju-

916 3666 1448 3736 risdiclionibus
1486 3684 1555 3737 et
1604 3668 2084 3761 libertatibus,
2152 3687 2347 3742 metu
2397 3675 2717 3769 quodam
2771 3679 3046 3774 justitiae

914 3781 1097 3851 illius
1170 3808 1514 3878 supremae
1597 3787 1806 3855 curia}
1878 3787 2338 3883 parlamenti,
2405 3814 2447 3861 a
2508 3816 2651 3887 qua
2711 3818 2845 3890 pro
2913 3796 3050 3864 suis

915 3899 1099 3969 dolis
1150 3915 1217 3969 et
1279 3900 1653 3971 calumniis
1699 3904 1938 3999 puniri
1999 3918 2067 3973 et
2120 3908 2431 3976 coerceri
2482 3932 2632 3977 non
2685 3910 3050 3981 modicum

914 4016 1423 4087 formidabant.
1488 4017 1718 4087 Hodie
1757 4044 1932 4088 vero
1975 4021 2189 4090 totius
2236 4024 2622 4118 provinciae
2675 4026 3046 4099 advocatio

914 4133 1264 4203 saecnlaris
1324 4146 1394 4202 et
1453 4148 1711 4203 cuncta
1761 4137 2002 4230 patria*
2050 4136 2287 4208 officia
2351 4138 2548 4211 hunc
2611 4143 3049 4214 Ludovicum

911 4274 1149 4345 regem
1206 4264 1276 4318 et
1337 4250 1724 4319 nonnullos
1779 4251 1867 4322 de
1941 4252 2402 4350 primioribus
2466 4256 2659 4354 apud
2725 4283 2892 4328 eum
2957 4260 3048 4331 ita
