3400 5417
1195 523 1418 581 LIBER
1457 523 1759 583 PRIMUS.
2425 524 2543 584 28?

409 667 675 752 negata
697 653 854 725 suit.
884 652 1325 747 Secundum,
1348 669 1452 745 ut,
1479 655 1823 751 quoniam
1845 677 1968 724 rex
1995 669 2245 726 nostro
2278 655 2383 726 uti
2408 680 2549 728 ser·

409 768 596 840 vitio
628 769 1068 861 decerneret,
1113 769 1324 841 nobis
1362 769 1451 841 de
1489 770 1731 865 aliqua
1763 769 2169 842 rationabili
2202 772 2549 869 pensione

404 885 790 982 providere
821 886 1034 958 vellet
1052 939 1071 976 ,
1109 900 1179 957 et
1209 911 1372 958 eam
1405 886 1618 959 nobis
1641 902 1947 961 statuere
1974 902 2188 986 atque
2216 888 2551 962 ordinare

403 1015 579 1072 ante
611 1025 968 1073 recessum
1014 1017 1368 1074 nostrum.
1413 1006 1650 1088 Quam
1687 1005 2109 1100 petitionem
2150 1004 2303 1101 ipse
2338 1004 2551 1076 ratio·

405 1110 730 1184 nabilem
773 1113 951 1202 sore,
992 1115 1211 1212 idque
1250 1114 1486 1210 ipsum
1526 1115 1624 1186 ita
1665 1115 2057 1211 intelligere
2093 1130 2164 1186 et
2197 1115 2551 1188 facturum
2622 1113 2625 1116 “

363 1253 564 1300 ,esse
615 1230 1008 1327 respondit.

513 1349 676 1432 Qua
724 1347 876 1445 ejus
917 1347 1072 1419 freti
1113 1348 1606 1445 responsione,
1656 1372 1785 1446 per
1824 1347 2120 1444 aliquod
2153 1362 2435 1446 tempus
2478 1349 2553 1421 in

403 1462 566 1559 ejus
597 1464 795 1535 curia
827 1463 1178 1536 demorati
1222 1488 1468 1536 sumus
1496 1520 1516 1555 ,
1561 1463 1939 1536 offerentes
1967 1488 2249 1561 semper
2284 1489 2419 1537 nos
2461 1465 2555 1537 ad

405 1578 1020 1676 proficiscendum
1074 1596 1330 1680 praesto
1386 1581 1565 1672 sore,
1631 1580 2239 1679 quandocumque
2304 1581 2558 1654 liberet

409 1699 624 1792 regiae
655 1698 1056 1770 celsitudini
1086 1698 1176 1769 de
1208 1697 1625 1794 hujusmodi
1655 1699 2003 1794 pensione
2022 1699 2169 1770 sive
2199 1698 2557 1796 stipendio

411 1815 779 1886 ordinare.
815 1820 902 1886 Et
934 1814 1243 1886 libenter
1278 1816 1574 1910 quidem
1605 1816 2136 1912 accipiebamus
2174 1816 2375 1912 quod
2406 1841 2558 1888 non

412 1931 564 2002 cito
598 1945 721 2003 aut
765 1935 1111 2004 maturius
1145 1957 1356 2029 super
1388 1931 1804 2026 hujusmodi
1847 1932 2226 2004 statuendo
2268 1947 2339 2003 et
2367 1932 2561 2004 ordi-

411 2047 665 2120 nando
704 2047 916 2121 nobis
957 2049 1355 2120 honorario
1402 2049 1923 2146 provideretur.
1985 2033 2563 2147 opperiebamur

413 2165 617 2239 enim
648 2165 1088 2262 pedetentim
1135 2182 1213 2237 ut
1258 2164 1544 2236 hiberni
1590 2166 2031 2261 praeterirent
2064 2190 2389 2260 menoeS,
2437 2167 2563 2264 qui

415 2279 516 2352 ad
547 2280 797 2375 longas
830 2282 1436 2378 peregrinationes
1487 2280 1771 2351 molesti
1833 2305 1982 2351 esse
2035 2281 2310 2372 solent,
2366 2296 2438 2353 et
2485 2297 2564 2353 ut

419 2396 709 2468 vernale
743 2396 1006 2468 rediret
1045 2412 1359 2494 tempus,
1390 2398 1462 2466 in
1490 2421 1674 2493 quo,
1728 2397 1786 2468 si
1821 2396 2427 2494 proficiscendum
2462 2398 2565 2470 fo·-

419 2527 571 2604 ret,
639 2515 1009 2584 renovatio
1067 2514 1240 2584 anni
1301 2537 1638 2584 curarum
1695 2513 1905 2584 nobis
1964 2525 2179 2610 atque
2229 2513 2565 2585 laborum

423 2630 786 2700 molestias
848 2645 1233 2725 utcumque
1303 2629 1614 2699 efficeret
1677 2628 2002 2700 leviores.
2067 2628 2287 2701 Nobis
2351 2631 2566 2701 etiam

425 2747 781 2818 nonnulla
809 2746 1046 2818 adhuc
1078 2771 1240 2844 spes
1267 2746 1606 2817 manebat
1625 2769 1865 2838 regem
1883 2744 2192 2816 decursu
2224 2748 2567 2844 temporis

425 2860 523 2933 ad
548 2887 684 2933 nos
717 2862 1090 2932 deflectere
1124 2886 1331 2958 posse
1361 2863 1686 2931 animum
1714 2861 2108 2954 mitiorem,
2139 2876 2219 2932 ut
2245 2878 2394 2933 tarn
2422 2888 2573 2933 mo-

427 2978 608 3050 lesto
643 2977 854 3049 nobis
881 2979 1127 3050 exsilio
1155 2993 1367 3073 atque
1399 2977 1800 3074 longinquo
1834 2976 2259 3050 levaremur.
2291 3007 2328 3046 «
2354 2979 2570 3065 Quod

428 3097 625 3166 enim
660 3096 844 3166 ratio
883 3096 1172 3190 nequit,
1211 3119 1393 3191 saepe
1449 3095 1726 3165 sanavit
1765 3119 2003 3186 mora,
2048 3123 2083 3162 >2
2129 3110 2208 3166 ut
2240 3099 2571 3193 Tragicus

431 3215 715 3286 cecinit.

539 3330 747 3402 Unde
782 3332 855 3402 in
885 3331 1389 3428 prosecutione
1423 3327 1624 3398 dictae
1659 3327 2030 3423 pensionis
2066 3353 2199 3399 nos
2232 3327 2416 3400 duos
2454 3348 2574 3403 aut

435 3463 574 3519 tres
609 3473 890 3519 menses
922 3447 1418 3541 transegimuS,
1463 3445 1739 3515 curiam
1777 3468 2057 3540 semper
2089 3458 2160 3515 et
2194 3446 2572 3519 consilium

434 3567 711 3663 regium
771 3564 946 3635 illud
1003 3588 1344 3658 magnum
1403 3577 1615 3656 atque
1677 3559 2052 3658 publicum
2103 3575 2528 3634 assectantes
2550 3620 2570 3657 ,

435 3683 1059 3754 comminiscentes
1114 3679 1476 3751 interdum
1545 3691 1621 3748 ut
1699 3676 1910 3749 nobis
1961 3702 2175 3775 super
2230 3680 2577 3776 pensione

436 3801 752 3898 provisio
789 3800 1104 3889 daretur,
1162 3797 1362 3890 cujus
1417 3795 1570 3865 sola
1628 3793 1875 3865 dilatio
1934 3809 2253 3864 nostram
2302 3796 2579 3893 profec-

442 3919 711 3989 tionem
742 3915 1132 4000 detineret3
1180 3913 1499 3982 modeste
1537 3925 1776 3980 tamen
1812 3924 1881 3980 et
1924 3909 2192 4006 absque
2226 3912 2575 4009 importu-

442 4037 660 4106 nitate
700 4032 772 4102 id
816 4047 1124 4128 agentes.
1186 4035 1269 4100 Et
1319 4055 1484 4099 cum
1549 4027 1956 4123 frequenter
2011 4053 2251 4123 regem
2317 4030 2579 4098 intrare

441 4149 940 4245 hujuscemodi
1008 4147 1386 4217 consilium
1451 4144 1894 4236 videremuS,
1972 4170 2247 4240 nosque
2319 4146 2580 4242 pariter

449 4267 587 4337 illic
619 4267 834 4336 etiam
873 4262 1122 4333 sedulo
1155 4263 1487 4331 interesse
1525 4259 1821 4351 videret,
1858 4284 2180 4358 saepeque
2211 4260 2443 4357 ipsum
2463 4285 2579 4330 ro-
