3400 5417
895 487 1010 542 304
1756 482 2135 540 APOLOGIA
2150 525 2166 552 ,

892 616 1291 688 custodiam
1322 615 1731 714 praefecerat
1750 619 1767 652 ¹
1802 616 1926 686 illo
1967 631 2139 688 tunc
2168 639 2336 685 cum
2370 637 2793 710 germanum
2824 639 3030 686 suum

892 734 1270 832 expulisset
1307 733 1770 803 Normannia.
1826 735 1907 802 In
1946 713 2224 803 tantum
2269 731 2483 825 igitur
2525 731 2676 828 ipse
2710 731 3032 802 elationis

892 866 963 921 et
995 850 1414 944 arrogantiae
1458 864 1744 920 evectus
1778 863 1882 918 est
1914 837 2308 937 tumorem,
2349 860 2428 916 ut
2459 845 2735 920 dictum
2762 847 3031 918 stittmm

895 965 1182 1037 fratrem
1220 990 1431 1037 suum
1470 964 1563 1035 ad
1599 963 1973 1034 ecclesiam
2008 977 2329 1034 nostram
2358 961 2590 1035 facere
2624 961 3031 1059 promoveri

893 1083 1057 1152 totis
1103 1081 1378 1151 viribus
1420 1094 1829 1168 conaretur,
1890 1079 2127 1176 ipsum
2159 1079 2375 1150 etiam
2424 1077 2519 1150 ad
2568 1078 2714 1148 hoc
2769 1077 3033 1148 ididem

891 1197 1183 1295 praefato
1234 1221 1364 1267 suo
1433 1197 1656 1293 impio
1717 1197 2039 1291 genitore
2107 1197 2567 1268 vehementer
2632 1195 3036 1266 stimulante

893 1329 1105 1410 atque
1139 1313 1583 1410 impellente,
1641 1313 1767 1409 qui
1806 1339 1945 1384 suae
1992 1337 2121 1410 per
2151 1312 2652 1409 hujuscemodi
2686 1313 2887 1383 viam
2930 1325 3035 1383 ut·

891 1454 1201 1525 cumque
1229 1429 1624 1499 satisfacere
1654 1429 2027 1527 cupiditati
2063 1427 2448 1522 satagebat.
2499 1426 2837 1500 Praesatus
2868 1451 3033 1498 vero

892 1544 1043 1638 ejus
1084 1543 1270 1613 filius
1295 1597 1313 1632 ‚
1356 1543 1589 1638 regius
1637 1544 1911 1615 satelles
1936 1597 1956 1633 ‚
2005 1559 2279 1615 tantam
2311 1543 2507 1641 apud
2538 1567 2784 1638 regem
2810 1596 2831 1632 ,
2874 1567 3035 1612 cum

893 1661 1042 1757 ipse
1074 1675 1316 1731 tamen
1347 1685 1497 1730 non
1529 1659 1725 1731 aliud
1755 1685 1976 1757 quam
2006 1660 2609 1757 petulantissimus
2639 1673 2858 1754 atque
2891 1673 3033 1728 tur-

893 1778 1222 1874 pissimus
1242 1832 1260 1867 ,
1299 1776 1623 1848 ebriosus
1660 1793 1731 1848 et
1767 1801 2011 1848 scurra
2044 1791 2225 1846 esset
2249 1832 2268 1868 ,
2306 1777 2605 1870 gratiam
2638 1775 3030 1861 invenerat,

891 1910 971 1966 ut
1008 1895 1155 1991 ipse
1190 1920 1312 1965 rex
1362 1894 1761 1991 quidquam
1809 1893 2028 1964 ferme
2058 1949 2077 1984 ‚
2123 1892 2322 1989 quod
2387 1890 2479 1963 ab
2536 1917 2625 1963 eo
2675 1907 3031 1990 posceret,

895 2037 1153 2106 negare
1190 2013 1488 2082 minime
1531 2037 1739 2108 posse
1783 2036 1828 2083 a
1859 2013 2102 2083 multis
2146 2027 2539 2109 putaretur,
2579 2013 2677 2083 ita
2712 2011 3034 2109 profecto

897 2143 978 2197 nt
1023 2127 1364 2200 maleficis
1419 2143 1490 2196 et
1531 2126 1886 2198 damnatis
1927 2127 2202 2199 artibus
2242 2129 2341 2198 sic
2375 2153 2614 2224 regem
2662 2129 3038 2200 fascinasse

891 2259 961 2314 et
996 2244 1070 2312 in
1105 2258 1530 2341 potestatem
1563 2244 1919 2339 accepisse
1971 2244 2431 2341 quamplures
2470 2268 2635 2314 eum
2686 2244 3037 2315 existima-

892 2373 1077 2428 rent.
1128 2363 1427 2455 Propter
1486 2384 1685 2453 quae‚
1736 2358 2009 2428 nedum
2048 2358 2140 2429 al)
2178 2358 2684 2430 humilioribus
2745 2374 2818 2429 et
2871 2359 3035 2429 infe·

893 2475 1165 2544 riorum
1199 2475 1537 2544 ordinum
1574 2474 1853 2563 auliciS,
1912 2475 2036 2544 sed
2074 2474 2289 2545 etiam
2334 2499 2376 2545 a
2408 2473 2987 2572 quibuscumque
3010 2529 3029 2564 ‚

894 2590 1168 2684 magnis
1221 2592 1437 2662 etiam
1488 2587 1931 2686 principibus
1991 2606 2060 2659 et
2117 2590 2429 2660 dominis
2458 2643 2478 2680 ,
2536 2588 2920 2662 verebatur
2970 2605 3037 2663 et

892 2708 1438 2801 quodammodo
1481 2706 2030 2778 formidabatur.

991 2825 1208 2917 Igitur
1239 2839 1318 2893 ut
1363 2849 1405 2894 a
1441 2850 1513 2893 se
1556 2826 1957 2921 concupitis
1998 2824 2261 2896 nefarie
2294 2827 2507 2924 potiri
2540 2841 2821 2922 posset,
2866 2828 3035 2922 regi-

893 2964 1058 3008 men
1115 2954 1464 3009 terrarum
1530 2940 1841 3010 ecclesiae
1910 2956 2191 3028 nostrae,
2264 2942 2336 3010 in
2397 2941 2657 3037 quibus
2723 2941 3035 3012 universi

895 3079 1094 3150 paene
1139 3054 1356 3150 ipsius
1411 3054 1808 3124 consistunt
1843 3070 2270 3151 proventuS,
2310 3082 2353 3127 a
2391 3081 2553 3150 rege
2586 3055 2787 3126 dono
2828 3080 3033 3126 acce-

891 3170 1029 3267 pi13
1090 3194 1393 3264 quarum
1451 3171 1715 3238 fructus
1768 3184 1837 3239 et
1894 3171 2160 3240 reditus
2223 3172 2366 3241 suis
2440 3171 2721 3243 nefariis
2792 3170 3033 3242 usibus

892 3286 1291 3383 applicanS,
1332 3286 1623 3356 eosdem
1658 3285 1749 3355 ad
1802 3311 1933 3355 nos
1971 3287 2135 3356 totis
2186 3285 2453 3357 viribus
2503 3285 3032 3383 impugnandos

895 3400 1403 3495 expendebat&
1451 3405 1532 3469 Et
1568 3425 1760 3490 cum,
1798 3400 1871 3469 in
1905 3401 2185 3472 civitate
2224 3416 2468 3472 nostra
2498 3402 2844 3472 exsistens
2866 3455 2884 3491 ‚
2930 3402 3033 3470 in·

895 3516 1267 3587 tellexisset
1307 3543 1463 3604 nos,
1501 3531 1791 3612 accepta
1827 3540 1869 3587 a
1903 3541 2065 3610 rege
2114 3519 2245 3610 <uti
2281 3517 2679 3613 retulimus)
2717 3517 3027 3602 licentia,

895 3628 1092 3700 brevi
1146 3630 1236 3700 ad
1287 3633 1552 3724 regiam
1593 3632 1865 3701 curiam
1911 3632 2061 3701 sore
2105 3656 2189 3700 ex
2233 3633 2599 3703 Catalonia
2648 3631 3025 3720 redituum,

897 3749 1157 3818 veritus
1198 3773 1284 3817 ne
1323 3749 1691 3844 praesentia
1742 3762 1983 3818 nostra
2017 3773 2183 3819 suos
2216 3773 2473 3844 pravos
2510 3765 2889 3820 evacuaret
2914 3775 3032 3821 co-

900 3878 1108 3934 natus
1145 3880 1355 3959 atque
1385 3865 1759 3935 molimina
1780 3919 1798 3955 ,
1840 3863 2031 3933 illico
2063 3889 2371 3961 propero
2400 3879 2472 3935 et
2506 3866 2793 3937 concito
2824 3890 3028 3936 cursu

987 4133 1038 4184 1.
1087 4126 1223 4184 Voir
1253 4128 1332 4184 les
1361 4126 1550 4203 picces
1579 4127 1654 4184 ‹lu
1682 4132 1782 4186 IV‘
1812 4128 2067 4188 volume.

978 4224 1040 4278 2.
1085 4220 1220 4277 Voir
1245 4221 1325 4279 les
1354 4220 1539 4296 picces
1569 4220 1960 4293 justificatives
1989 4224 2021 4277 ἐι
2052 4221 2164 4278 l'an
2204 4224 2383 4280 1469.
