3400 5417
923 503 950 557 1
963 500 1041 557 ὅθ
1465 498 1985 558 msromARtm
2025 495 2383 556 LUnovlcl
2422 497 2509 554 XI

918 630 1098 728 cipis
1123 631 1232 702 sui
1257 646 1468 728 atque
1471 629 1846 761 pontificis
1872 643 2295 732 potestatem
2322 628 2726 722 reduxerat,
2768 653 2933 728 cum
2961 654 3045 702 ex

917 744 1298 819 Hollandia
1324 761 1396 818 et
1421 746 1672 818 vicinis
1703 747 1901 817 terris
1938 760 2198 817 cuncta
2230 769 2475 818 secure
2513 759 2729 844 atque
2760 723 3046 818 affluen-

915 875 1024 932 ter
1067 861 1632 954 adveherentur,
1683 860 2337 959 minuebaturque
2318 887 2395 933 ιιι
2428 859 2581 934 dies
2610 885 2855 934 rerum
2886 888 3044 936 om-

915 977 1119 1047 nium
1177 977 1336 1048 usui
1393 978 1576 1068 vitael
1612 977 2170 1049 necessariarum
2235 975 2835 1076 decrescebatque
2888 1005 3044 1077 pre-

913 1093 1095 1163 tium
1134 1119 1150 1162 :
1194 1092 1388 1164 unde
1443 1094 1817 1165 exsultatio
1861 1108 1933 1163 et
1988 1093 2239 1187 ingens
2286 1093 2523 1165 laetitia
2574 1093 2772 1192 plebi
2824 1096 3044 1168 inerat

912 1205 1209 1301 hujusce
1233 1207 1776 1278 commoditates
1807 1205 1942 1278 sibi
1970 1207 2385 1304 provenisse
2407 1210 2755 1300 cernenti,
2788 1209 3041 1306 quibus

848 1408 851 1411 Ι
910 1319 1209 1394 biennio
1237 1323 1539 1421 privata,
1572 1321 1707 1394 sub
1732 1321 1887 1393 dira
1912 1321 2245 1394 servitute
2268 1336 2744 1418 tyrannorum
2766 1323 2949 1396 fame
2974 1342 3041 1397 et

908 1438 1212 1533 penuria
1252 1439 1578 1509 omnium
1613 1462 1857 1514 ,rerum
1890 1437 2325 1535 elanguerat.
2380 1436 2555 1530 Sed,
2595 1437 2814 1510 heus!
2861 1439 3037 1538 proh

909 1551 1162 1624 dolor!
1217 1553 1632 1649 hujusmodi
1673 1567 2183 1624 momentanea
2221 1551 2460 1624 laetitia
2514 1554 2778 1625 civitati
2812 1558 3037 1628 statim

908 1693 1111 1740 versa
1146 1684 1251 1740 est
1286 1670 1358 1738 in
1387 1670 1662 1740 luctum
1703 1684 1775 1739 et
1813 1671 2234 1741 lamentum.
2277 1671 2459 1739 Nam
2493 1684 2659 1766 post
2694 1670 3033 1768 irruptio-

911 1810 1076 1856 nem
1121 1786 1550 1857 Clivensium
1600 1785 1858 1858 factam
1890 1841 1909 1872 ‚
1959 1785 2203 1856 denuo
2245 1785 2528 1856 civitate
2560 1786 2900 1857 omnibus
2933 1789 3032 1857 vi-

907 1901 1084 1972 cinis
1133 1901 1336 1971 terris
1378 1902 1696 1987 inimica,
1749 1898 1951 1972 nullo
1988 1925 2068 1971 ex
2117 1900 2335 1970 latere
2389 1901 2465 1970 in
2510 1925 2672 1971 eam
2712 1902 3033 1974 victualia

905 2016 1400 2114 portabantur.
1430 2022 1766 2088 Poterant
1800 2017 1980 2088 forte
2012 2016 2361 2088 nonnulla
2390 2041 2478 2087 ex
2506 2017 3034 2088 transissellanis

906 2134 1188 2233 oppidis
1226 2133 1524 2225 advehi,
1566 2135 1691 2205 sed
1724 2159 1892 2204 cum
1925 2133 2141 2203 tantis
2175 2131 2575 2229 sumptibus
2608 2147 2679 2203 et
2713 2133 3032 2230 periculis

905 2250 1102 2346 quod
1132 2306 1151 2340 ‚
1193 2275 1362 2320 cum
1400 2248 1492 2320 ad
1539 2250 1897 2320 civitatem
1934 2272 2160 2344 usque
2192 2250 2566 2345 pervenire
2598 2249 3025 2346 potuissent,

905 2383 1051 2438 tam
1085 2392 1252 2438 caro
1288 2391 1371 2437 ea
1404 2365 1830 2437 venumdari
1868 2364 2272 2462 oportebat,
2312 2364 2512 2458 quod
2534 2363 2766 2461 plebis
2800 2363 3029 2435 humi·

901 2479 1097 2549 lioris
1155 2478 1246 2550 ad
1295 2505 1375 2549 ea
1420 2476 1728 2548 emenda
1775 2476 2137 2548 facultates
2180 2477 2473 2546 minime
2519 2474 3022 2547 sufficiebant¹.

903 2598 1070 2665 Erat
1128 2608 1298 2664 tunc
1359 2617 1652 2664 annona
1718 2591 1987 2686 ubique
2052 2615 2255 2679 cara,
2311 2589 2434 2661 sed
2486 2615 2569 2660 ex
2618 2605 2907 2662 vectura
2966 2605 3028 2660 et

902 2713 1178 2780 scorto¹
1208 2733 1333 2779 seu
1367 2708 1768 2799 conductu,
1815 2707 2122 2804 pretium
2163 2705 2256 2776 ad
2291 2708 2572 2777 tertiam
2614 2721 2895 2803 partem
2924 2707 3023 2777 vel

900 2825 1206 2923 amplius
1257 2825 1327 2892 in
1375 2825 1656 2894 civitate
1683 2820 2158 2894 excrescebat.
2200 2821 2338 2891 Sed
2375 2836 2444 2892 et
2477 2837 2649 2892 tunc
2685 2823 3022 2893 rarissime

898 2940 1138 3035 aliqua
1191 2937 1715 3009 invehebantur
1772 2938 1863 3008 ad
1931 2938 2288 3008 civitatem
2344 2962 2360 3005 ε
2413 2962 2495 3008 ex
2550 2961 2699 3032 quo
2752 2938 3023 3038 contin-

899 3053 1108 3149 gebat
1141 3053 1342 3149 quod
1367 3053 1574 3124 simul
1609 3077 1773 3124 cum
1810 3053 2098 3123 caritate
2135 3075 2453 3160 annonae·
2474 3050 2934 3122 invalesceret
2962 3065 3023 3122 et

899 3170 1141 3241 sames,

978 3422 1034 3475 1.
1089 3444 1110 3470 ιι
1145 3417 1376 3476 Dedans
1403 3419 1646 3476 Utrecht
1681 3417 1983 3475 n'cstoient
2024 3419 2209 3476 nulles
2246 3418 2433 3476 chairs
2469 3439 2543 3476 ne
2577 3421 2861 3498 quelques
2895 3442 3018 3501 pro·

895 3510 1106 3566 visions
1145 3511 1216 3567 de.
1251 3512 1329 3568 sel
1355 3556 1370 3582 ,
1411 3525 1467 3570 et
1491 3532 1610 3589 ung
1640 3525 1739 3588 pot
1770 3510 1841 3566 de
1869 3511 2127 3568 cervoise
2157 3533 2217 3568 se
2246 3511 2480 3570 vendoit
2506 3513 2642 3590 cinq
2667 3515 2809 3575 sols,
2846 3541 2874 3568 ι
2902 3521 3018 3574 Μο-

894 3603 1062 3674 linet,
1101 3619 1140 3662 t.
1174 3609 1261 3679 11,
1292 3605 1461 3682 cllap.
1495 3626 1655 3666 και-ι.

973 3701 1031 3755 2.
1074 3699 1266 3756 Plutot
1298 3714 1510 3770 scorta,
1552 3700 1808 3776 quoique
1852 3700 1905 3757 la
1950 3702 2133 3758 forme
2176 3715 2413 3756 scortum
2456 3699 2535 3757 ait
2580 3699 2671 3757 ete
2713 3700 3019 3759 introduite

893 3791 1034 3849 «lans
1068 3793 1123 3850 le
1165 3793 1438 3869 glossaire
1483 3793 1554 3848 de
1593 3799 1682 3849 'Du
1715 3797 1906 3870 Gange
1944 3795 2171 3871 &apri-s
2213 3793 2502 3850 l’autorite
2538 3791 2611 3850 de
2650 3813 2717 3850 ce
2760 3815 3009 3872 passage.

890 3887 1040 3944 C'est
1066 3887 1118 3943 le
1147 3901 1264 3943 mot
1293 3887 1536 3961 srancais
1569 3903 1795 3942 esc-orte.
