<?xml version="1.0" encoding="UTF-8"?>
<!DOCTYPE html PUBLIC "-//W3C//DTD XHTML 1.0 Transitional//EN"
    "http://www.w3.org/TR/xhtml1/DTD/xhtml1-transitional.dtd">
<html xmlns="http://www.w3.org/1999/xhtml" xml:lang="en" lang="en">
 <head>
  <title>
</title>
<meta http-equiv="Content-Type" content="text/html;charset=utf-8" />
  <meta name='ocr-system' content='tesseract 3.04.00' />
  <meta name='ocr-capabilities' content='ocr_page ocr_carea ocr_par ocr_line ocrx_word'/>
</head>
<body>
  <div class='ocr_page' id='page_1' title='image "./histoiredesrgne00unkngoog_0181.png"; bbox 0 0 3400 5417; ppageno 0'>
   <div class='ocr_carea' id='block_1_1' title="bbox 1081 552 2469 611">
    <p class='ocr_par' dir='ltr' id='par_1_1' title="bbox 1081 552 2469 611">
     <span class='ocr_line' id='line_1_1' title="bbox 1081 552 2469 611; baseline 0.002 -3"><span class='ocrx_word' id='word_1_1' title='bbox 1081 554 1302 608; x_wconf 80' lang='lat' dir='ltr'>LIBER</span> <span class='ocrx_word' id='word_1_2' title='bbox 1343 552 1719 611; x_wconf 82' lang='lat' dir='ltr'><strong>SEPTIMUS.</strong></span> <span class='ocrx_word' id='word_1_3' title='bbox 2353 555 2379 609; x_wconf 73' lang='lat'><strong>1</strong></span> <span class='ocrx_word' id='word_1_4' title='bbox 2394 555 2469 611; x_wconf 84' lang='lat'>37</span> 
     </span>
    </p>
   </div>
   <div class='ocr_carea' id='block_1_2' title="bbox 346 684 2481 4033">
    <p class='ocr_par' dir='ltr' id='par_1_2' title="bbox 346 684 2475 1368">
     <span class='ocr_line' id='line_1_2' title="bbox 348 684 2469 781; baseline 0 -23"><span class='ocrx_word' id='word_1_5' title='bbox 348 684 510 758; x_wconf 91' lang='lat' dir='ltr'>dem</span> <span class='ocrx_word' id='word_1_6' title='bbox 562 684 824 757; x_wconf 89' lang='lat' dir='ltr'>ducem</span> <span class='ocrx_word' id='word_1_7' title='bbox 873 686 1280 757; x_wconf 85' lang='lat' dir='ltr'>Glocestriae</span> <span class='ocrx_word' id='word_1_8' title='bbox 1296 741 1316 776; x_wconf 92' lang='lat'>,</span> <span class='ocrx_word' id='word_1_9' title='bbox 1373 709 1466 757; x_wconf 91' lang='lat' dir='ltr'>ne</span> <span class='ocrx_word' id='word_1_10' title='bbox 1517 685 1610 757; x_wconf 92' lang='lat' dir='ltr'>ad</span> <span class='ocrx_word' id='word_1_11' title='bbox 1664 685 1951 757; x_wconf 92' lang='lat' dir='ltr'>culmen</span> <span class='ocrx_word' id='word_1_12' title='bbox 2004 686 2200 781; x_wconf 89' lang='lat' dir='ltr'>regni</span> <span class='ocrx_word' id='word_1_13' title='bbox 2256 687 2469 758; x_wconf 90' lang='lat' dir='ltr'>etiam</span> 
     </span>
     <span class='ocr_line' id='line_1_3' title="bbox 347 800 2474 899; baseline -0 -24"><span class='ocrx_word' id='word_1_14' title='bbox 347 801 610 899; x_wconf 85' lang='lat' dir='ltr'>absque</span> <span class='ocrx_word' id='word_1_15' title='bbox 644 801 1010 898; x_wconf 88' lang='lat' dir='ltr'>sacrilegio</span> <span class='ocrx_word' id='word_1_16' title='bbox 1054 801 1568 874; x_wconf 85' lang='lat' dir='ltr'>conscenderet</span> <span class='ocrx_word' id='word_1_17' title='bbox 1589 857 1608 893; x_wconf 92' lang='lat'>‚</span> <span class='ocrx_word' id='word_1_18' title='bbox 1655 800 2233 899; x_wconf 87' lang='lat' dir='ltr'>archiepiscopus</span> <span class='ocrx_word' id='word_1_19' title='bbox 2284 801 2474 874; x_wconf 88' lang='lat' dir='ltr'>Ebo-</span> 
     </span>
     <span class='ocr_line' id='line_1_4' title="bbox 347 919 2470 1017; baseline 0 -25"><span class='ocrx_word' id='word_1_20' title='bbox 347 919 651 992; x_wconf 88' lang='lat' dir='ltr'>racensis</span> <span class='ocrx_word' id='word_1_21' title='bbox 701 934 773 990; x_wconf 92' lang='lat' dir='ltr'>et</span> <span class='ocrx_word' id='word_1_22' title='bbox 807 919 1185 1017; x_wconf 89' lang='lat' dir='ltr'>episcopus</span> <span class='ocrx_word' id='word_1_23' title='bbox 1223 920 1548 991; x_wconf 88' lang='lat' dir='ltr'>llliensis¹</span> <span class='ocrx_word' id='word_1_24' title='bbox 1575 975 1595 1010; x_wconf 93' lang='lat'>,</span> <span class='ocrx_word' id='word_1_25' title='bbox 1639 919 1880 1014; x_wconf 91' lang='lat' dir='ltr'>magni</span> <span class='ocrx_word' id='word_1_26' title='bbox 1915 919 2235 1015; x_wconf 90' lang='lat' dir='ltr'>ejusdem</span> <span class='ocrx_word' id='word_1_27' title='bbox 2272 924 2470 1016; x_wconf 88' lang='lat' dir='ltr'>regni</span> 
     </span>
     <span class='ocr_line' id='line_1_5' title="bbox 347 1037 2473 1138; baseline 0 -28"><span class='ocrx_word' id='word_1_28' title='bbox 347 1039 653 1138; x_wconf 85' lang='lat' dir='ltr'>praelati,</span> <span class='ocrx_word' id='word_1_29' title='bbox 726 1039 850 1134; x_wconf 78' lang='lat' dir='ltr'>qui</span> <span class='ocrx_word' id='word_1_30' title='bbox 901 1038 994 1110; x_wconf 91' lang='lat' dir='ltr'>ad</span> <span class='ocrx_word' id='word_1_31' title='bbox 1050 1038 1241 1108; x_wconf 91' lang='lat' dir='ltr'>idem</span> <span class='ocrx_word' id='word_1_32' title='bbox 1294 1052 1603 1108; x_wconf 83' lang='lat' dir='ltr'>castrum</span> <span class='ocrx_word' id='word_1_33' title='bbox 1652 1037 2077 1108; x_wconf 90' lang='lat' dir='ltr'>consulendi</span> <span class='ocrx_word' id='word_1_34' title='bbox 2126 1061 2340 1109; x_wconf 90' lang='lat' dir='ltr'>causa</span> <span class='ocrx_word' id='word_1_35' title='bbox 2382 1038 2473 1110; x_wconf 91' lang='lat' dir='ltr'>de</span> 
     </span>
     <span class='ocr_line' id='line_1_6' title="bbox 346 1153 2475 1252; baseline 0 -28"><span class='ocrx_word' id='word_1_36' title='bbox 346 1153 646 1252; x_wconf 91' lang='lat' dir='ltr'>publicis</span> <span class='ocrx_word' id='word_1_37' title='bbox 694 1155 893 1249; x_wconf 90' lang='lat' dir='ltr'>regni</span> <span class='ocrx_word' id='word_1_38' title='bbox 949 1154 1251 1249; x_wconf 87' lang='lat' dir='ltr'>negotiis</span> <span class='ocrx_word' id='word_1_39' title='bbox 1305 1153 1586 1225; x_wconf 85' lang='lat' dir='ltr'>fuerant</span> <span class='ocrx_word' id='word_1_40' title='bbox 1631 1154 1987 1243; x_wconf 84' lang='lat' dir='ltr'>accersiti,</span> <span class='ocrx_word' id='word_1_41' title='bbox 2042 1177 2129 1224; x_wconf 88' lang='lat' dir='ltr'>eo</span> <span class='ocrx_word' id='word_1_42' title='bbox 2166 1153 2364 1248; x_wconf 91' lang='lat' dir='ltr'>quod</span> <span class='ocrx_word' id='word_1_43' title='bbox 2404 1168 2475 1224; x_wconf 91' lang='lat' dir='ltr'>et</span> 
     </span>
     <span class='ocr_line' id='line_1_7' title="bbox 350 1269 1971 1368; baseline 0 -29"><span class='ocrx_word' id='word_1_44' title='bbox 350 1271 473 1368; x_wconf 90' lang='lat' dir='ltr'>ipsi</span> <span class='ocrx_word' id='word_1_45' title='bbox 506 1269 861 1341; x_wconf 87' lang='lat' dir='ltr'>voluntati</span> <span class='ocrx_word' id='word_1_46' title='bbox 892 1269 1094 1340; x_wconf 90' lang='lat' dir='ltr'>ducis</span> <span class='ocrx_word' id='word_1_47' title='bbox 1125 1270 1420 1340; x_wconf 89' lang='lat' dir='ltr'>minime</span> <span class='ocrx_word' id='word_1_48' title='bbox 1463 1270 1971 1342; x_wconf 87' lang='lat' dir='ltr'>consentirent.</span> 
     </span>
    </p>

    <p class='ocr_par' dir='ltr' id='par_1_3' title="bbox 346 1385 2481 3776">
     <span class='ocr_line' id='line_1_8' title="bbox 439 1385 2474 1483; baseline 0 -27"><span class='ocrx_word' id='word_1_49' title='bbox 439 1385 693 1457; x_wconf 83' lang='lat' dir='ltr'>Occidi</span> <span class='ocrx_word' id='word_1_50' title='bbox 726 1400 964 1458; x_wconf 90' lang='lat' dir='ltr'>autem</span> <span class='ocrx_word' id='word_1_51' title='bbox 1014 1386 1173 1456; x_wconf 80' lang='lat' dir='ltr'>fecit</span> <span class='ocrx_word' id='word_1_52' title='bbox 1206 1401 1278 1456; x_wconf 90' lang='lat' dir='ltr'>et</span> <span class='ocrx_word' id='word_1_53' title='bbox 1319 1385 1504 1456; x_wconf 89' lang='lat' dir='ltr'>duos</span> <span class='ocrx_word' id='word_1_54' title='bbox 1537 1385 1723 1457; x_wconf 81' lang='lat' dir='ltr'>filios</span> <span class='ocrx_word' id='word_1_55' title='bbox 1755 1387 2011 1481; x_wconf 85' lang='lat' dir='ltr'>reginae</span> <span class='ocrx_word' id='word_1_56' title='bbox 2033 1441 2052 1478; x_wconf 89' lang='lat'>,</span> <span class='ocrx_word' id='word_1_57' title='bbox 2105 1410 2287 1482; x_wconf 93' lang='lat' dir='ltr'>quos</span> <span class='ocrx_word' id='word_1_58' title='bbox 2321 1387 2474 1483; x_wconf 88' lang='lat' dir='ltr'>ipsa</span> 
     </span>
     <span class='ocr_line' id='line_1_9' title="bbox 346 1491 2473 1601; baseline 0 -29"><span class='ocrx_word' id='word_1_59' title='bbox 346 1525 427 1572; x_wconf 82' lang='lat' dir='ltr'>ex</span> <span class='ocrx_word' id='word_1_60' title='bbox 489 1502 730 1598; x_wconf 89' lang='lat' dir='ltr'>priore</span> <span class='ocrx_word' id='word_1_61' title='bbox 801 1502 1057 1573; x_wconf 89' lang='lat' dir='ltr'>marito</span> <span class='ocrx_word' id='word_1_62' title='bbox 1126 1491 1527 1599; x_wconf 69' lang='lat' dir='ltr'>susceperat</span> <span class='ocrx_word' id='word_1_63' title='bbox 1552 1559 1571 1593; x_wconf 91' lang='lat'>,</span> <span class='ocrx_word' id='word_1_64' title='bbox 1637 1517 2024 1599; x_wconf 87' lang='lat' dir='ltr'>antequam</span> <span class='ocrx_word' id='word_1_65' title='bbox 2092 1503 2246 1601; x_wconf 91' lang='lat' dir='ltr'>ipsa</span> <span class='ocrx_word' id='word_1_66' title='bbox 2307 1527 2473 1573; x_wconf 88' lang='lat' dir='ltr'>cum</span> 
     </span>
     <span class='ocr_line' id='line_1_10' title="bbox 347 1615 2473 1716; baseline 0 -29"><span class='ocrx_word' id='word_1_67' title='bbox 347 1615 680 1689; x_wconf 88' lang='lat' dir='ltr'>Edoardo</span> <span class='ocrx_word' id='word_1_68' title='bbox 735 1618 1108 1715; x_wconf 90' lang='lat' dir='ltr'>nupsisset.</span> <span class='ocrx_word' id='word_1_69' title='bbox 1158 1623 1391 1716; x_wconf 86' lang='lat' dir='ltr'>Ipsam</span> <span class='ocrx_word' id='word_1_70' title='bbox 1435 1633 1712 1711; x_wconf 87' lang='lat' dir='ltr'>autern,</span> <span class='ocrx_word' id='word_1_71' title='bbox 1758 1643 1917 1715; x_wconf 86' lang='lat' dir='ltr'>quae</span> <span class='ocrx_word' id='word_1_72' title='bbox 1966 1618 2060 1690; x_wconf 89' lang='lat' dir='ltr'>ad</span> <span class='ocrx_word' id='word_1_73' title='bbox 2112 1621 2473 1688; x_wconf 89' lang='lat' dir='ltr'>Westmo-</span> 
     </span>
     <span class='ocr_line' id='line_1_11' title="bbox 348 1732 2468 1829; baseline 0.001 -27"><span class='ocrx_word' id='word_1_74' title='bbox 348 1733 764 1824; x_wconf 90' lang='lat' dir='ltr'>nasterium,</span> <span class='ocrx_word' id='word_1_75' title='bbox 823 1732 1102 1804; x_wconf 86' lang='lat' dir='ltr'>tuendae</span> <span class='ocrx_word' id='word_1_76' title='bbox 1137 1735 1296 1805; x_wconf 82' lang='lat' dir='ltr'>vitae</span> <span class='ocrx_word' id='word_1_77' title='bbox 1331 1759 1414 1804; x_wconf 90' lang='lat' dir='ltr'>ac</span> <span class='ocrx_word' id='word_1_78' title='bbox 1447 1735 1688 1806; x_wconf 90' lang='lat' dir='ltr'>salutis</span> <span class='ocrx_word' id='word_1_79' title='bbox 1728 1759 1973 1822; x_wconf 89' lang='lat' dir='ltr'>causa,</span> <span class='ocrx_word' id='word_1_80' title='bbox 2017 1734 2468 1829; x_wconf 84' lang='lat' dir='ltr'>confugerat,</span> 
     </span>
     <span class='ocr_line' id='line_1_12' title="bbox 347 1848 2474 1924; baseline 0.001 -6"><span class='ocrx_word' id='word_1_81' title='bbox 347 1848 604 1919; x_wconf 89' lang='lat' dir='ltr'>dicitur</span> <span class='ocrx_word' id='word_1_82' title='bbox 660 1849 1113 1921; x_wconf 87' lang='lat' dir='ltr'>observatam</span> <span class='ocrx_word' id='word_1_83' title='bbox 1170 1865 1242 1920; x_wconf 88' lang='lat' dir='ltr'>et</span> <span class='ocrx_word' id='word_1_84' title='bbox 1295 1851 1622 1922; x_wconf 88' lang='lat' dir='ltr'>clausura</span> <span class='ocrx_word' id='word_1_85' title='bbox 1674 1850 1911 1924; x_wconf 81' lang='lat' dir='ltr'>valida</span> <span class='ocrx_word' id='word_1_86' title='bbox 1960 1849 2474 1921; x_wconf 85' lang='lat' dir='ltr'>circumdatam</span> 
     </span>
     <span class='ocr_line' id='line_1_13' title="bbox 351 1965 2476 2038; baseline 0.001 -3"><span class='ocrx_word' id='word_1_87' title='bbox 351 1965 571 2038; x_wconf 85' lang='lat' dir='ltr'>facere</span> <span class='ocrx_word' id='word_1_88' title='bbox 626 1966 993 2038; x_wconf 84' lang='lat' dir='ltr'>custodiri.</span> <span class='ocrx_word' id='word_1_89' title='bbox 1055 1965 1369 2038; x_wconf 85' lang='lat' dir='ltr'>Edoardi</span> <span class='ocrx_word' id='word_1_90' title='bbox 1414 1981 1654 2038; x_wconf 88' lang='lat' dir='ltr'>autem</span> <span class='ocrx_word' id='word_1_91' title='bbox 1695 1966 1878 2038; x_wconf 86' lang='lat' dir='ltr'>filios</span> <span class='ocrx_word' id='word_1_92' title='bbox 1935 1967 2135 2037; x_wconf 89' lang='lat' dir='ltr'>aiunt</span> <span class='ocrx_word' id='word_1_93' title='bbox 2169 1966 2241 2036; x_wconf 91' lang='lat' dir='ltr'>in</span> <span class='ocrx_word' id='word_1_94' title='bbox 2286 1966 2476 2037; x_wconf 85' lang='lat' dir='ltr'>dicta</span> 
     </span>
     <span class='ocr_line' id='line_1_14' title="bbox 347 2080 2477 2180; baseline -0 -29"><span class='ocrx_word' id='word_1_95' title='bbox 347 2081 538 2152; x_wconf 84' lang='lat' dir='ltr'>Turri</span> <span class='ocrx_word' id='word_1_96' title='bbox 583 2080 1165 2171; x_wconf 88' lang='lat' dir='ltr'>Londoniarum,</span> <span class='ocrx_word' id='word_1_97' title='bbox 1205 2082 1419 2152; x_wconf 86' lang='lat' dir='ltr'>etiam</span> <span class='ocrx_word' id='word_1_98' title='bbox 1473 2084 1799 2180; x_wconf 87' lang='lat' dir='ltr'>apposita</span> <span class='ocrx_word' id='word_1_99' title='bbox 1849 2081 2211 2172; x_wconf 87' lang='lat' dir='ltr'>custodia,</span> <span class='ocrx_word' id='word_1_100' title='bbox 2261 2104 2477 2152; x_wconf 84' lang='lat' dir='ltr'>asser—</span> 
     </span>
     <span class='ocr_line' id='line_1_15' title="bbox 349 2195 2479 2292; baseline 0.002 -30"><span class='ocrx_word' id='word_1_101' title='bbox 349 2199 511 2266; x_wconf 83' lang='lat' dir='ltr'>vari.</span> <span class='ocrx_word' id='word_1_102' title='bbox 570 2195 677 2266; x_wconf 81' lang='lat' dir='ltr'>Ad</span> <span class='ocrx_word' id='word_1_103' title='bbox 709 2221 1020 2292; x_wconf 89' lang='lat' dir='ltr'>quorum</span> <span class='ocrx_word' id='word_1_104' title='bbox 1059 2197 1554 2268; x_wconf 87' lang='lat' dir='ltr'>liberationem</span> <span class='ocrx_word' id='word_1_105' title='bbox 1609 2223 1775 2268; x_wconf 88' lang='lat' dir='ltr'>cum</span> <span class='ocrx_word' id='word_1_106' title='bbox 1829 2223 1913 2269; x_wconf 81' lang='lat' dir='ltr'>ex</span> <span class='ocrx_word' id='word_1_107' title='bbox 1960 2196 2479 2267; x_wconf 87' lang='lat' dir='ltr'>Londoniensi-</span> 
     </span>
     <span class='ocr_line' id='line_1_16' title="bbox 347 2309 2474 2410; baseline 0 -28"><span class='ocrx_word' id='word_1_108' title='bbox 347 2309 474 2382; x_wconf 88' lang='lat' dir='ltr'>bus</span> <span class='ocrx_word' id='word_1_109' title='bbox 510 2313 792 2383; x_wconf 87' lang='lat' dir='ltr'>circiter</span> <span class='ocrx_word' id='word_1_110' title='bbox 827 2314 1344 2410; x_wconf 86' lang='lat' dir='ltr'>quinquaginta</span> <span class='ocrx_word' id='word_1_111' title='bbox 1385 2316 1518 2384; x_wconf 84' lang='lat' dir='ltr'>viri</span> <span class='ocrx_word' id='word_1_112' title='bbox 1553 2315 2083 2409; x_wconf 88' lang='lat' dir='ltr'>conjurassent,</span> <span class='ocrx_word' id='word_1_113' title='bbox 2122 2313 2474 2384; x_wconf 76' lang='lat' dir='ltr'>aestiman-</span> 
     </span>
     <span class='ocr_line' id='line_1_17' title="bbox 348 2429 2475 2526; baseline 0.001 -27"><span class='ocrx_word' id='word_1_114' title='bbox 348 2443 444 2500; x_wconf 87' lang='lat' dir='ltr'>tes</span> <span class='ocrx_word' id='word_1_115' title='bbox 502 2430 1006 2522; x_wconf 77' lang='lat' dir='ltr'>verisimiliter,</span> <span class='ocrx_word' id='word_1_116' title='bbox 1065 2433 1166 2501; x_wconf 92' lang='lat' dir='ltr'>eis</span> <span class='ocrx_word' id='word_1_117' title='bbox 1219 2433 1584 2526; x_wconf 84' lang='lat' dir='ltr'>negotium</span> <span class='ocrx_word' id='word_1_118' title='bbox 1647 2429 2197 2522; x_wconf 81' lang='lat' dir='ltr'>inchoantibuS,</span> <span class='ocrx_word' id='word_1_119' title='bbox 2251 2446 2475 2501; x_wconf 88' lang='lat' dir='ltr'>totam</span> 
     </span>
     <span class='ocr_line' id='line_1_18' title="bbox 349 2545 2472 2643; baseline 0.001 -29"><span class='ocrx_word' id='word_1_120' title='bbox 349 2568 504 2615; x_wconf 91' lang='lat' dir='ltr'>cum</span> <span class='ocrx_word' id='word_1_121' title='bbox 540 2546 712 2642; x_wconf 92' lang='lat' dir='ltr'>ipsis</span> <span class='ocrx_word' id='word_1_122' title='bbox 764 2545 858 2617; x_wconf 90' lang='lat' dir='ltr'>ad</span> <span class='ocrx_word' id='word_1_123' title='bbox 911 2545 983 2616; x_wconf 90' lang='lat' dir='ltr'>id</span> <span class='ocrx_word' id='word_1_124' title='bbox 1021 2546 1540 2643; x_wconf 87' lang='lat' dir='ltr'>perficiendum</span> <span class='ocrx_word' id='word_1_125' title='bbox 1578 2549 2019 2619; x_wconf 86' lang='lat' dir='ltr'>commoveri</span> <span class='ocrx_word' id='word_1_126' title='bbox 2073 2547 2472 2639; x_wconf 85' lang='lat' dir='ltr'>civitatem,</span> 
     </span>
     <span class='ocr_line' id='line_1_19' title="bbox 350 2661 2479 2756; baseline 0.002 -28"><span class='ocrx_word' id='word_1_127' title='bbox 350 2683 505 2730; x_wconf 90' lang='lat' dir='ltr'>cum</span> <span class='ocrx_word' id='word_1_128' title='bbox 537 2661 905 2756; x_wconf 88' lang='lat' dir='ltr'>sequelam</span> <span class='ocrx_word' id='word_1_129' title='bbox 955 2662 1226 2733; x_wconf 88' lang='lat' dir='ltr'>nullam</span> <span class='ocrx_word' id='word_1_130' title='bbox 1286 2663 1634 2735; x_wconf 89' lang='lat' dir='ltr'>haberent</span> <span class='ocrx_word' id='word_1_131' title='bbox 1659 2720 1677 2753; x_wconf 91' lang='lat'>,</span> <span class='ocrx_word' id='word_1_132' title='bbox 1725 2665 1799 2734; x_wconf 91' lang='lat' dir='ltr'>in</span> <span class='ocrx_word' id='word_1_133' title='bbox 1851 2665 2130 2735; x_wconf 89' lang='lat' dir='ltr'>irritum</span> <span class='ocrx_word' id='word_1_134' title='bbox 2176 2678 2479 2734; x_wconf 90' lang='lat' dir='ltr'>conatus</span> 
     </span>
     <span class='ocr_line' id='line_1_20' title="bbox 349 2778 2478 2878; baseline 0.003 -34"><span class='ocrx_word' id='word_1_135' title='bbox 349 2799 595 2848; x_wconf 90' lang='lat' dir='ltr'>eorum</span> <span class='ocrx_word' id='word_1_136' title='bbox 657 2778 900 2869; x_wconf 88' lang='lat' dir='ltr'>cessit,</span> <span class='ocrx_word' id='word_1_137' title='bbox 951 2794 1025 2848; x_wconf 90' lang='lat' dir='ltr'>et</span> <span class='ocrx_word' id='word_1_138' title='bbox 1063 2804 1145 2849; x_wconf 88' lang='lat' dir='ltr'>ex</span> <span class='ocrx_word' id='word_1_139' title='bbox 1191 2780 1357 2876; x_wconf 90' lang='lat' dir='ltr'>ipsis</span> <span class='ocrx_word' id='word_1_140' title='bbox 1399 2793 1708 2874; x_wconf 88' lang='lat' dir='ltr'>quatuor</span> <span class='ocrx_word' id='word_1_141' title='bbox 1760 2781 1948 2878; x_wconf 89' lang='lat' dir='ltr'>capti</span> <span class='ocrx_word' id='word_1_142' title='bbox 2002 2780 2233 2877; x_wconf 84' lang='lat' dir='ltr'>capite</span> <span class='ocrx_word' id='word_1_143' title='bbox 2293 2779 2478 2878; x_wconf 86' lang='lat' dir='ltr'>plexi</span> 
     </span>
     <span class='ocr_line' id='line_1_21' title="bbox 350 2895 2480 2993; baseline 0.001 -32"><span class='ocrx_word' id='word_1_144' title='bbox 350 2908 528 2964; x_wconf 88' lang='lat' dir='ltr'>sunt.</span> <span class='ocrx_word' id='word_1_145' title='bbox 583 2895 844 2965; x_wconf 84' lang='lat' dir='ltr'>Vivant</span> <span class='ocrx_word' id='word_1_146' title='bbox 896 2919 1066 2964; x_wconf 88' lang='lat' dir='ltr'>vero</span> <span class='ocrx_word' id='word_1_147' title='bbox 1129 2895 1262 2992; x_wconf 90' lang='lat' dir='ltr'>ipsi</span> <span class='ocrx_word' id='word_1_148' title='bbox 1309 2898 1513 2993; x_wconf 89' lang='lat' dir='ltr'>pueri</span> <span class='ocrx_word' id='word_1_149' title='bbox 1567 2898 1781 2991; x_wconf 88' lang='lat' dir='ltr'>regii,</span> <span class='ocrx_word' id='word_1_150' title='bbox 1827 2912 1950 2968; x_wconf 90' lang='lat' dir='ltr'>aut</span> <span class='ocrx_word' id='word_1_151' title='bbox 2002 2896 2203 2992; x_wconf 89' lang='lat' dir='ltr'>jussu</span> <span class='ocrx_word' id='word_1_152' title='bbox 2262 2896 2480 2993; x_wconf 88' lang='lat' dir='ltr'>ipsius</span> 
     </span>
     <span class='ocr_line' id='line_1_22' title="bbox 352 3011 2477 3109; baseline 0 -30"><span class='ocrx_word' id='word_1_153' title='bbox 352 3011 453 3081; x_wconf 92' lang='lat' dir='ltr'>sui</span> <span class='ocrx_word' id='word_1_154' title='bbox 499 3011 705 3109; x_wconf 86' lang='lat' dir='ltr'>impii</span> <span class='ocrx_word' id='word_1_155' title='bbox 758 3012 992 3109; x_wconf 88' lang='lat' dir='ltr'>patrui</span> <span class='ocrx_word' id='word_1_156' title='bbox 1046 3014 1277 3082; x_wconf 87' lang='lat' dir='ltr'>necati</span> <span class='ocrx_word' id='word_1_157' title='bbox 1325 3016 1507 3101; x_wconf 87' lang='lat' dir='ltr'>sint,</span> <span class='ocrx_word' id='word_1_158' title='bbox 1565 3015 1913 3084; x_wconf 78' lang='lat' dir='ltr'>incertum</span> <span class='ocrx_word' id='word_1_159' title='bbox 1947 3011 2295 3100; x_wconf 80' lang='lat' dir='ltr'>habetur3</span> <span class='ocrx_word' id='word_1_160' title='bbox 2354 3011 2477 3081; x_wconf 88' lang='lat' dir='ltr'>sed</span> 
     </span>
     <span class='ocr_line' id='line_1_23' title="bbox 351 3127 2477 3224; baseline 0 -28"><span class='ocrx_word' id='word_1_161' title='bbox 351 3127 647 3198; x_wconf 87' lang='lat' dir='ltr'>alterum</span> <span class='ocrx_word' id='word_1_162' title='bbox 682 3127 895 3222; x_wconf 92' lang='lat' dir='ltr'>longe</span> <span class='ocrx_word' id='word_1_163' title='bbox 928 3128 1376 3199; x_wconf 84' lang='lat' dir='ltr'>verisimilius</span> <span class='ocrx_word' id='word_1_164' title='bbox 1408 3130 1696 3217; x_wconf 81' lang='lat' dir='ltr'>exsistit,</span> <span class='ocrx_word' id='word_1_165' title='bbox 1728 3131 1922 3224; x_wconf 89' lang='lat' dir='ltr'>quia,</span> <span class='ocrx_word' id='word_1_166' title='bbox 1967 3129 2312 3223; x_wconf 87' lang='lat' dir='ltr'>quamdiu</span> <span class='ocrx_word' id='word_1_167' title='bbox 2347 3128 2477 3224; x_wconf 89' lang='lat' dir='ltr'>ipsi</span> 
     </span>
     <span class='ocr_line' id='line_1_24' title="bbox 351 3244 2481 3340; baseline -0 -27"><span class='ocrx_word' id='word_1_168' title='bbox 351 3244 752 3340; x_wconf 87' lang='lat' dir='ltr'>superstites</span> <span class='ocrx_word' id='word_1_169' title='bbox 788 3257 986 3333; x_wconf 88' lang='lat' dir='ltr'>sunt,</span> <span class='ocrx_word' id='word_1_170' title='bbox 1034 3268 1178 3314; x_wconf 91' lang='lat' dir='ltr'>non</span> <span class='ocrx_word' id='word_1_171' title='bbox 1224 3246 1353 3314; x_wconf 87' lang='lat' dir='ltr'>erit</span> <span class='ocrx_word' id='word_1_172' title='bbox 1390 3247 1515 3316; x_wconf 82' lang='lat' dir='ltr'>iste</span> <span class='ocrx_word' id='word_1_173' title='bbox 1555 3246 1865 3316; x_wconf 88' lang='lat' dir='ltr'>intrusus</span> <span class='ocrx_word' id='word_1_174' title='bbox 1898 3270 1938 3316; x_wconf 90' lang='lat' dir='ltr'>a</span> <span class='ocrx_word' id='word_1_175' title='bbox 1975 3244 2481 3316; x_wconf 87' lang='lat' dir='ltr'>rebellionibus</span> 
     </span>
     <span class='ocr_line' id='line_1_25' title="bbox 351 3357 2477 3456; baseline 0 -29"><span class='ocrx_word' id='word_1_176' title='bbox 351 3373 417 3427; x_wconf 89' lang='lat' dir='ltr'>et</span> <span class='ocrx_word' id='word_1_177' title='bbox 457 3357 928 3430; x_wconf 88' lang='lat' dir='ltr'>seditionibus</span> <span class='ocrx_word' id='word_1_178' title='bbox 975 3359 1173 3429; x_wconf 90' lang='lat' dir='ltr'>nullo</span> <span class='ocrx_word' id='word_1_179' title='bbox 1225 3361 1448 3431; x_wconf 84' lang='lat' dir='ltr'>modo</span> <span class='ocrx_word' id='word_1_180' title='bbox 1484 3387 1812 3450; x_wconf 88' lang='lat' dir='ltr'>securus;</span> <span class='ocrx_word' id='word_1_181' title='bbox 1856 3361 2053 3456; x_wconf 91' lang='lat' dir='ltr'>quod</span> <span class='ocrx_word' id='word_1_182' title='bbox 2098 3385 2229 3430; x_wconf 92' lang='lat' dir='ltr'>nec</span> <span class='ocrx_word' id='word_1_183' title='bbox 2266 3361 2477 3429; x_wconf 85' lang='lat' dir='ltr'>etiarn</span> 
     </span>
     <span class='ocr_line' id='line_1_26' title="bbox 355 3475 2477 3573; baseline 0 -29"><span class='ocrx_word' id='word_1_184' title='bbox 355 3475 514 3570; x_wconf 91' lang='lat' dir='ltr'>ipsis</span> <span class='ocrx_word' id='word_1_185' title='bbox 546 3476 905 3546; x_wconf 80' lang='lat' dir='ltr'>exstinctis</span> <span class='ocrx_word' id='word_1_186' title='bbox 951 3476 1199 3572; x_wconf 84' lang='lat' dir='ltr'>procul</span> <span class='ocrx_word' id='word_1_187' title='bbox 1250 3476 1503 3565; x_wconf 74' lang='lat' dir='ltr'>(lubio,</span> <span class='ocrx_word' id='word_1_188' title='bbox 1541 3490 1807 3548; x_wconf 85' lang='lat' dir='ltr'>attenta</span> <span class='ocrx_word' id='word_1_189' title='bbox 1853 3477 2207 3573; x_wconf 85' lang='lat' dir='ltr'>pronitate</span> <span class='ocrx_word' id='word_1_190' title='bbox 2242 3499 2477 3572; x_wconf 88' lang='lat' dir='ltr'>popu-</span> 
     </span>
     <span class='ocr_line' id='line_1_27' title="bbox 351 3589 2481 3684; baseline 0.001 -27"><span class='ocrx_word' id='word_1_191' title='bbox 351 3589 582 3661; x_wconf 90' lang='lat' dir='ltr'>lorum</span> <span class='ocrx_word' id='word_1_192' title='bbox 623 3591 807 3661; x_wconf 87' lang='lat' dir='ltr'>illius</span> <span class='ocrx_word' id='word_1_193' title='bbox 852 3592 1050 3684; x_wconf 86' lang='lat' dir='ltr'>regni</span> <span class='ocrx_word' id='word_1_194' title='bbox 1098 3592 1186 3662; x_wconf 89' lang='lat' dir='ltr'>ad</span> <span class='ocrx_word' id='word_1_195' title='bbox 1241 3592 1624 3663; x_wconf 82' lang='lat' dir='ltr'>seditiones</span> <span class='ocrx_word' id='word_1_196' title='bbox 1664 3608 1735 3663; x_wconf 87' lang='lat' dir='ltr'>et</span> <span class='ocrx_word' id='word_1_197' title='bbox 1786 3593 2163 3682; x_wconf 78' lang='lat' dir='ltr'>sactiones,</span> <span class='ocrx_word' id='word_1_198' title='bbox 2206 3591 2481 3660; x_wconf 77' lang='lat' dir='ltr'>futurus</span> 
     </span>
     <span class='ocr_line' id='line_1_28' title="bbox 351 3707 498 3776; baseline 0.014 -2"><span class='ocrx_word' id='word_1_199' title='bbox 351 3707 498 3776; x_wconf 85' lang='lat' dir='ltr'>erit.</span> 
     </span>
    </p>

    <p class='ocr_par' dir='ltr' id='par_1_4' title="bbox 354 3825 2475 4033">
     <span class='ocr_line' id='line_1_29' title="bbox 447 3825 2473 3922; baseline 0.001 -30"><span class='ocrx_word' id='word_1_200' title='bbox 447 3827 604 3892; x_wconf 88' lang='lat' dir='ltr'>Non</span> <span class='ocrx_word' id='word_1_201' title='bbox 642 3825 834 3893; x_wconf 88' lang='lat' dir='ltr'>enim</span> <span class='ocrx_word' id='word_1_202' title='bbox 875 3849 1144 3894; x_wconf 86' lang='lat' dir='ltr'>novum</span> <span class='ocrx_word' id='word_1_203' title='bbox 1182 3839 1286 3894; x_wconf 88' lang='lat' dir='ltr'>est</span> <span class='ocrx_word' id='word_1_204' title='bbox 1320 3838 1441 3894; x_wconf 91' lang='lat' dir='ltr'>aut</span> <span class='ocrx_word' id='word_1_205' title='bbox 1475 3850 1721 3895; x_wconf 87' lang='lat' dir='ltr'>recens</span> <span class='ocrx_word' id='word_1_206' title='bbox 1750 3827 1934 3897; x_wconf 91' lang='lat' dir='ltr'>illius</span> <span class='ocrx_word' id='word_1_207' title='bbox 1962 3828 2208 3922; x_wconf 90' lang='lat' dir='ltr'>populi</span> <span class='ocrx_word' id='word_1_208' title='bbox 2238 3851 2431 3920; x_wconf 73' lang='lat' dir='ltr'>reges</span> <span class='ocrx_word' id='word_1_209' title='bbox 2457 3881 2473 3912; x_wconf 87' lang='lat'>,</span> 
     </span>
     <span class='ocr_line' id='line_1_30' title="bbox 354 3941 2475 4033; baseline 0.001 -24"><span class='ocrx_word' id='word_1_210' title='bbox 354 3943 716 4012; x_wconf 82' lang='lat' dir='ltr'>concitatis</span> <span class='ocrx_word' id='word_1_211' title='bbox 751 3942 1128 4012; x_wconf 86' lang='lat' dir='ltr'>adversum</span> <span class='ocrx_word' id='word_1_212' title='bbox 1164 3967 1237 4010; x_wconf 88' lang='lat' dir='ltr'>se</span> <span class='ocrx_word' id='word_1_213' title='bbox 1272 3941 1783 4033; x_wconf 76' lang='lat' dir='ltr'>seditionibUS,</span> <span class='ocrx_word' id='word_1_214' title='bbox 1817 3944 1928 4012; x_wconf 81' lang='lat' dir='ltr'>vel</span> <span class='ocrx_word' id='word_1_215' title='bbox 1962 3944 2341 4012; x_wconf 81' lang='lat' dir='ltr'>exstinctos</span> <span class='ocrx_word' id='word_1_216' title='bbox 2372 3945 2475 4012; x_wconf 75' lang='lat' dir='ltr'>vel</span> 
     </span>
    </p>
   </div>
   <div class='ocr_carea' id='block_1_3' title="bbox 358 4195 2474 4366">
    <p class='ocr_par' dir='ltr' id='par_1_5' title="bbox 358 4195 2474 4366">
     <span class='ocr_line' id='line_1_31' title="bbox 433 4195 2474 4274; baseline 0 -23"><span class='ocrx_word' id='word_1_217' title='bbox 433 4199 486 4251; x_wconf 76' lang='lat'>1.</span> <span class='ocrx_word' id='word_1_218' title='bbox 537 4195 783 4253; x_wconf 83' lang='lat' dir='ltr'>Thomas</span> <span class='ocrx_word' id='word_1_219' title='bbox 820 4196 1168 4263; x_wconf 80' lang='lat' dir='ltr'>Rotheram,</span> <span class='ocrx_word' id='word_1_220' title='bbox 1209 4197 1568 4274; x_wconf 70' lang='lat' dir='ltr'>archeveque</span> <span class='ocrx_word' id='word_1_221' title='bbox 1612 4197 1864 4267; x_wconf 80' lang='lat' dir='ltr'>‹1·York‚</span> <span class='ocrx_word' id='word_1_222' title='bbox 1917 4212 1970 4253; x_wconf 75' lang='lat' dir='ltr'>et</span> <span class='ocrx_word' id='word_1_223' title='bbox 2026 4197 2175 4256; x_wconf 85' lang='lat' dir='ltr'>John</span> <span class='ocrx_word' id='word_1_224' title='bbox 2210 4201 2433 4254; x_wconf 67' lang='lat' dir='ltr'>Morum</span> <span class='ocrx_word' id='word_1_225' title='bbox 2463 4243 2474 4262; x_wconf 82' lang='lat'>,</span> 
     </span>
     <span class='ocr_line' id='line_1_32' title="bbox 358 4289 779 4366; baseline 0.005 -22"><span class='ocrx_word' id='word_1_226' title='bbox 358 4290 569 4366; x_wconf 46' lang='lat' dir='ltr'>esseque</span> <span class='ocrx_word' id='word_1_227' title='bbox 595 4289 779 4364; x_wconf 71' lang='lat' dir='ltr'>d&#39;Ely.</span> 
     </span>
    </p>
   </div>
   <div class='ocr_carea' id='block_1_4' title="bbox 3307 38 3327 750">
    <p class='ocr_par' dir='ltr' id='par_1_6' title="bbox 3307 38 3327 750">
     <span class='ocr_line' id='line_1_33' title="bbox 3307 38 3327 750; textangle 90"><span class='ocrx_word' id='word_1_228' title='bbox 3313 709 3327 750; x_wconf 62' lang='grc' dir='ltr'>,Α</span> <span class='ocrx_word' id='word_1_229' title='bbox 3308 277 3326 668; x_wconf 43' lang='lat' dir='ltr'>*andum-1222&amp;</span> <span class='ocrx_word' id='word_1_230' title='bbox 3320 209 3326 244; x_wconf 84' lang='lat'>...</span> <span class='ocrx_word' id='word_1_231' title='bbox 3307 109 3326 182; x_wconf 68' lang='lat' dir='ltr'>...D</span> <span class='ocrx_word' id='word_1_232' title='bbox 3307 38 3323 76; x_wconf 74' lang='lat' dir='ltr'>v·</span> 
     </span>
    </p>
   </div>
   <div class='ocr_carea' id='block_1_5' title="bbox 3304 781 3327 1066">
    <p class='ocr_par' dir='ltr' id='par_1_7' title="bbox 3304 781 3327 1066">
     <span class='ocr_line' id='line_1_34' title="bbox 3304 781 3327 1066; textangle 90"><span class='ocrx_word' id='word_1_233' title='bbox 3304 894 3327 1066; x_wconf 44' lang='grc' dir='ltr'>,μα-αι’,</span> <span class='ocrx_word' id='word_1_234' title='bbox 3314 781 3327 864; x_wconf 51' lang='grc' dir='ltr'>μμ</span> 
     </span>
    </p>
   </div>
   <div class='ocr_carea' id='block_1_6' title="bbox 3315 1093 3327 1466">
    <p class='ocr_par' dir='ltr' id='par_1_8' title="bbox 3315 1093 3327 1466">
     <span class='ocr_line' id='line_1_35' title="bbox 3315 1093 3327 1466; textangle 90"><span class='ocrx_word' id='word_1_235' title='bbox 3315 1335 3326 1466; x_wconf 45' lang='grc'>-.-.-41</span> <span class='ocrx_word' id='word_1_236' title='bbox 3316 1243 3327 1292; x_wconf 49' lang='grc' dir='ltr'><strong>Δ</strong></span> <span class='ocrx_word' id='word_1_237' title='bbox 3316 1093 3327 1222; x_wconf 60' lang='grc' dir='ltr'>-ΑΔᾹ-</span> 
     </span>
    </p>
   </div>
  </div>
 </body>
</html>
