3400 5417
928 467 1044 526 251·
1764 470 2174 540 APOLOG1A‚

929 619 1073 666 una
1109 621 1276 667 cum
1324 597 1867 670 insolentiarum
1905 598 2169 670 militiae
2214 596 2719 690 variarumque
2762 615 3057 666 conmis-

926 709 1212 782 sionum
1246 726 1458 808 atque
1504 712 1917 810 rapinarum
1960 712 2179 808 longa
2208 725 2283 784 et
2308 734 2511 808 paene
2554 707 2841 783 assidua
2882 705 3059 778 tole·

924 827 1154 898 rantia
1178 883 1197 919 ,
1269 828 1580 926 populus
1645 829 1863 900 totius
1933 829 2134 924 regni
2200 826 2295 902 ad
2358 825 2577 898 talem
2634 824 3058 922 paucitatem

927 955 1338 1038 tantamque
1365 968 1451 1015 ac
1485 959 1634 1014 tam
1666 943 2147 1020 miserabilem
2188 944 2516 1042 inopiam
2548 955 2768 1042 atque
2794 963 3057 1038 paupe·

926 1058 1106 1128 riem
1144 1074 1295 1131 erat
1330 1058 1682 1131 redactus,

1023 1175 1206 1245 Huic
1280 1188 1520 1246 autem
1583 1173 1845 1246 morbo
1904 1174 2375 1271 languorique
2435 1171 2945 1245 molestissimo
3008 1171 3059 1240 si

924 1305 1338 1386 competens
1380 1289 1658 1363 medela
1676 1346 1696 1383 ,
1751 1291 1809 1362 si
1854 1291 2250 1362 remedium
2268 1343 2289 1382 ‚
2328 1289 2387 1361 si
2430 1287 2709 1362 curatio
2740 1284 3061 1358 adhiberi

924 1406 1219 1478 deberet
1238 1462 1256 1498 ,
1296 1423 1375 1478 ut
1413 1408 1620 1505 periti
1651 1409 1883 1480 solent
1923 1407 2184 1480 medici
2233 1407 2310 1478 in
2346 1403 2848 1478 curationibus
2876 1403 3060 1497 aegri·

927 1523 1261 1594 tudinum
1304 1525 1789 1621 corporalium
1812 1579 1833 1617 ,
1886 1523 2368 1596 necessarium
2410 1520 2796 1594 videbatur
2828 1542 3062 1590 causas

926 1656 996 1711 et
1024 1639 1321 1726 radiceS,
1348 1666 1433 1712 ex
1458 1640 1723 1736 quibus
1742 1655 1939 1712 tanta
1960 1654 2253 1736 tamque
2280 1638 2377 1714 ad
2404 1637 2873 1712 tolerandum
2896 1637 3063 1708 dura

925 1771 1138 1851 atque
1185 1780 1436 1854 aspera
1496 1757 1932 1853 pullularant
1989 1757 2177 1830 mala
2195 1811 2215 1849 ,
2278 1755 2394 1827 vel
2444 1752 2867 1828 exscindere
2888 1806 2909 1842 ,
2962 1753 3061 1823 vel

925 1894 1185 1965 magna
1228 1896 1314 1942 ex
1348 1887 1546 1969 parte
1581 1873 1946 1962 minuere3
2004 1896 2175 1944 nam
2219 1869 2676 1944 manentibus
2722 1868 2960 1942 causis
2988 1893 3063 1942 ex

925 1986 1188 2081 quibus
1242 2002 1314 2059 et
1358 2003 1651 2086 propter
1684 2013 1864 2084 quas
1919 1987 2086 2060 talia
2127 1988 2483 2060 orirentur
2528 2000 2747 2083 atque
2778 1985 3063 2081 effinge-

925 2118 1170 2174 rentur
1210 2103 1436 2194 mala,
1475 2129 1622 2174 non
1669 2104 1852 2174 soret
1893 2101 2232 2201 possibile
2264 2104 2441 2200 quin
2482 2117 2745 2200 pesteS,
2784 2127 2952 2199 quae
2988 2126 3063 2174 ex

924 2220 1339 2317 hujusmodi
1368 2220 1921 2318 proficiscuntur
1950 2221 2212 2312 causiS,
2249 2220 2512 2318 pariter
2544 2220 2762 2291 etiam
2789 2243 3065 2316 perma-

924 2351 1176 2407 nerent
1216 2363 1230 2407 :
1288 2335 1905 2432 quemadmodum
1955 2337 2028 2406 in
2084 2335 2527 2408 febricitante
2549 2391 2571 2428 ,
2610 2333 3065 2406 manentibus

923 2453 997 2521 in
1033 2476 1336 2549 corpore
1386 2452 1738 2548 corruptis
1787 2450 2217 2523 humoribus
2260 2476 2575 2546 quorum
2622 2449 3063 2547 superabun-

925 2565 1169 2637 dantia
1202 2583 1272 2637 et
1300 2568 1665 2664 corruptio
1695 2567 2057 2661 generavit
2080 2565 2443 2659 morbum,
2464 2566 2747 2637 curatio
2771 2564 3067 2638 salubris

929 2682 1222 2752 minime
1273 2682 1457 2753 effici
1489 2695 1771 2779 potest;
1822 2681 1949 2752 sed
1996 2707 2281 2754 necesse
2328 2697 2433 2753 est
2479 2695 2559 2752 ut
2597 2681 2713 2752 vel
2748 2707 2897 2779 ope
2928 2706 3063 2752 me·

927 2796 1213 2888 dicinae,
1254 2798 1361 2870 vel
1397 2799 1635 2891 vigore
1669 2813 1740 2867 et
1778 2798 2088 2869 valentia
2112 2813 2414 2890 naturae,
2449 2812 2703 2870 contra
2731 2797 3065 2868 morbum

928 2912 1397 3005 obluctantis,
1456 2913 1876 3006 hujusmodi
1926 2913 2266 2986 humores
2317 2928 2693 3012 peccantes
2748 2914 3065 3010 quolibet

928 3029 1151 3100 inodo
1187 3046 1577 3102 vacuentur
1614 3045 1684 3100 et
1729 3046 2156 3127 purgentur,
2216 3032 2275 3104 si
2306 3047 2607 3126 aegrotus
2652 3030 2751 3103 ad
2784 3032 3065 3130 plenam

929 3147 1496 3220 incolumitatem
1529 3145 1859 3217 debuerit
1897 3147 2193 3219 restitui.

1027 3261 1253 3330 Causa
1282 3273 1518 3330 autem
1560 3259 1789 3356 prima
1829 3273 1899 3328 et
1946 3260 2355 3358 principalis
2407 3259 2601 3332 unde
2650 3262 2905 3334 omnia
2938 3261 3062 3332 hu·

922 3376 1348 3472 juscemodi,
1387 3402 1542 3471 quae
1561 3377 1955 3467 retulimuS,
1983 3379 2195 3467 mala,
2216 3392 2287 3449 et
2306 3401 2463 3472 quae
2481 3402 2617 3449 nec
2634 3377 3064 3450 sufficienter

928 3494 1238 3586 cogitare
1281 3493 1633 3580 mierum,
1706 3517 1927 3586 regno
1993 3507 2203 3587 atque
2258 3493 2519 3565 accolis
2580 3495 2729 3589 ejus
2823 3520 3067 3592 prove-

931 3625 1189 3680 nerunt
1252 3611 1369 3704 (ut
1429 3609 1867 3704 aiebamus),
1918 3635 2185 3703 guerrae
2238 3611 2503 3682 scilicet
2555 3625 2705 3682 tam
2763 3626 3065 3683 externae

931 3750 1147 3820 quani
1181 3726 1511 3816 internae,
1552 3751 1674 3796 seu
1725 3725 1963 3795 civiles
2005 3726 2117 3796 vel
2164 3726 2596 3816 domesticae,
2656 3726 2911 3800 divina
2942 3729 3066 3798 mi·

931 3843 1280 3914 seratione
1320 3857 1672 3914 cessarant
1726 3856 1797 3912 et
1837 3843 2291 3938 quieverant,
2338 3868 2683 3937 regnum,
2722 3870 2881 3916 uno
2919 3845 3065 3916 solo

933 3957 1276 4054 oppidulo
1313 3971 1608 4053 exc-epto
1634 3961 1678 4046 ¹,
1718 3971 2084 4054 receptum
2109 3957 2198 4028 ab
2236 3955 2561 4029 hostibus
2598 3973 2666 4030 et
2698 3959 2777 4030 in
2810 3985 2886 4031 se
2918 3985 3066 4032 reu·

1015 4209 1042 4263 1
1059 4250 1071 4262 .
1119 4203 1489 4264 C’est-a-dire
1519 4203 1722 4263 calais.
