3400 5417
1097 432 1323 487 LIBER
1361 431 1667 493 SEXTUS.
2341 436 2367 491 1
2389 437 2456 493 ¹9

326 590 549 662 quam
578 565 877 637 victoria
907 563 1101 637 fuere
1128 564 1336 663 potiti
1365 616 1385 653 ,
1418 564 1780 637 civitatem
1819 565 2186 663 petiissent
2204 616 2225 656 ‚
2264 567 2462 644 nulla

324 682 511 755 facta
591 681 988 753 resistentia
1002 733 1021 769 ,
1105 680 1549 752 deditionem
1615 680 1808 752 cives
1876 679 2224 753 fecissent.
2306 687 2462 757 Hoc

324 799 593 897 quippe
624 796 1001 869 verisimile
1024 796 1190 869 satis
1217 812 1347 885 est,
1381 822 1575 886 cum,
1611 796 1927 869 resoluto
1955 798 2241 894 tyranni
2253 794 2456 895 jugo,

235 915 243 929 '
324 914 446 1011 qui
481 917 773 1011 Hoyum
798 910 1170 1007 aufugiens
1195 913 1555 985 civitatem
1588 913 1994 1009 reliquerat,
2035 912 2362 986 viderent
2388 940 2462 988 se

324 1030 728 1103 libertatem
786 1029 1056 1102 hahere
1130 1028 1435 1101 faciendi
1505 1028 1951 1100 deditionem
1974 1081 1995 1120 ,
2053 1030 2114 1101 si
2170 1030 2455 1103 vellent.

326 1152 471 1219 Hac
515 1148 784 1245 quippe
822 1169 969 1217 una
1016 1160 1348 1242 poterant
1388 1145 1542 1234 via,
1590 1160 1661 1215 et
1700 1169 1996 1217 omnem
2035 1160 2310 1217 metum
2356 1161 2463 1243 ty-

324 1265 633 1336 rannicae
704 1261 1185 1360 oppressionis
1237 1262 1423 1333 illius
1490 1261 1808 1356 sacrilegi
1839 1315 1859 1351 ,
1915 1277 1988 1333 et
2040 1263 2339 1334 civitatis
2393 1278 2464 1334 et

324 1379 565 1477 patriae
636 1403 777 1450 suae
802 1432 821 1467 ,
886 1401 1106 1473 quam
1161 1377 1482 1473 undique
1530 1376 1875 1449 videbant
1928 1378 2194 1475 rapinis
2251 1391 2464 1475 atque

326 1492 674 1565 incendiis
700 1492 1077 1580 devastari,
1103 1493 1395 1563 exitium
1427 1490 1739 1587 effugere
1765 1508 1836 1564 et
1861 1492 2200 1565 devitare.
2238 1497 2462 1563 Porro

325 1609 395 1680 id
430 1612 733 1682 minime
770 1608 1286 1681 Brabantiones
1320 1608 1680 1700 fecerunt;
1715 1609 1842 1681 sed
1871 1608 1964 1681 ad
1996 1609 2136 1683 alia
2167 1608 2465 1680 diverte·

326 1742 509 1797 runt.
578 1730 756 1813 Quae
806 1750 918 1796 res
967 1741 1039 1795 et
1084 1724 1184 1795 illi
1237 1725 1479 1822 patriae
1537 1723 1667 1796 fuit
1710 1724 2061 1797 damnosa
2102 1725 2307 1797 valde
2330 1778 2348 1813 ,
2391 1740 2465 1795 et

322 1857 627 1939 tyranno
686 1842 1013 1915 inducias
1059 1842 1365 1914 contulit
1413 1843 1506 1914 ad
1563 1867 1786 1915 novas
1848 1844 2093 1941 copias
2134 1867 2218 1914 ac
2276 1842 2458 1915 vires

324 1958 871 2056 comparandas,

960 2236 1477 2305 CAPITULUM
1552 2238 1799 2306 XXXI.

326 2436 399 2487 De
414 2435 697 2489 vanissima
718 2454 812 2507 spe
836 2454 997 2505 quam
1018 2437 1378 2507 Trajectenses
1397 2449 1750 2509 reposuerant
1773 2436 1830 2489 in
1853 2436 2052 2489 auxilio
2070 2438 2301 2509 primum
2327 2440 2462 2509 regia

392 2520 746 2587 Francorum,
772 2520 1009 2573 secundo
1033 2520 1183 2574 ducis
1210 2521 1485 2587 Clivensis,
1516 2522 1672 2574 tertio
1702 2521 1831 2575 dicti
1856 2520 2431 2593 sacrilegiArenberghe
2449 2562 2463 2587 ,

391 2624 419 2657 a
440 2624 544 2675 qua
565 2605 874 2677 turpissime
898 2604 1207 2659 exciderunt
1230 2607 1269 2657 ¹.

416 2800 897 2896 Trajectenses
930 2815 1169 2871 autem
1212 2800 1333 2896 qui
1385 2814 1555 2870 tunc
1591 2800 2187 2872 administrabant
2223 2802 2460 2873 civita-

325 2932 497 3006 tem,
548 2932 622 2988 et
657 2916 898 2988 cuncti
932 2916 1343 2988 rebellionis
1383 2915 1731 3006 fautoreS,
1769 2942 2013 2989 rerum
2047 2919 2215 2989 dicti
2252 2921 2461 2991 sacri-

324 3033 452 3127 legi
504 3034 796 3131 tyranni
849 3033 1257 3104 Leodiensis
1300 3032 1861 3130 opperiebantur
1893 3052 2254 3107 eventum.
2303 3038 2457 3107 suae

322 3149 507 3219 enim
563 3150 718 3246 spei
763 3174 981 3219 omne
1037 3148 1597 3220 stabilimentum
1662 3151 1735 3219 in
1800 3174 1963 3246 rege
2021 3156 2456 3222 Francorum

324 3267 675 3362 primum,
718 3266 818 3335 uti
867 3290 1081 3363 supra
1131 3266 1478 3355 diximUS,
1529 3282 2035 3363 reposuerant3
2078 3266 2336 3338 deinde
2384 3270 2454 3338 in

327 3380 499 3451 duce
546 3380 904 3471 Clivensi,
962 3380 1162 3476 cujus
1200 3381 1483 3451 fratrem
1532 3380 2091 3475 Enghelbertum
2139 3382 2213 3451 in
2249 3407 2456 3453 suum

324 3497 769 3569 defensorem
806 3523 930 3568 seu
978 3498 1388 3569 ruwardum
1435 3497 1919 3587 adsciverant,
1960 3496 2225 3569 foedere
2272 3497 2456 3570 facto

323 3638 480 3684 cum
536 3615 798 3686 eodem
853 3614 1035 3685 duce
1089 3615 1287 3711 quod
1333 3614 1433 3685 eis
1489 3614 1754 3685 auxilio
1811 3613 1991 3685 soret
2040 3614 2412 3687 adfuturus
2434 3594 2462 3701 ς’

324 3733 520 3802 tertio
556 3732 774 3804 etiam
831 3733 902 3801 in
962 3732 1147 3803 illius
1180 3731 1462 3826 tyranni
1513 3731 1921 3801 Leodiensis
1953 3734 2449 3829 prosperitate,

322 3850 372 3918 si
403 3849 535 3920 sibi
572 3851 981 3940 obveniret,
1022 3850 1412 3947 plurimum
1450 3849 1948 3939 confidebant,
1978 3849 2457 3944 jactitabatur-

402 4102 450 4153 Ι.
498 4097 771 4175 Chapitre
812 4096 1078 4173 imprime
1123 4095 1265 4152 dans
1305 4096 1385 4150 les
1436 4098 1716 4149 Analecta
1763 4092 1832 4151 de
1879 4093 2175 4151 Matthaeus
2216 4107 2267 4149 et
2315 4093 2454 4149 dans

321 4191 732 4267 l'Amplissae'ma
759 4193 1026 4245 collectio.
