3400 5417
928 524 1004 583 22
1469 526 1982 584 HISTORIARUM
2034 528 2387 586 LUDOVICI
2428 532 2515 587 XI

927 656 1132 749 fidia,
1183 678 1614 755 suarumque
1659 658 2138 730 inconstantia
2186 675 2257 731 et
2289 662 2725 735 invaliditate
2758 666 3057 763 promis-

927 774 1249 863 sionum,
1279 772 1606 843 omnium
1630 774 1887 843 animis
1919 773 2135 846 infixa
2166 776 2510 849 manebat
2530 835 2549 870 ,
2600 794 2681 851 ut
2706 780 3053 877 quidquid

923 902 1216 988 pactum
1248 887 1338 958 de
1395 910 1486 959 eo
1531 887 1643 959 vel
1673 891 2195 986 expromissum
2246 906 2609 980 tenerent,
2664 896 2883 966 etiam
2924 894 3055 965 sub

926 1005 1177 1101 quavis
1199 1002 1660 1099 jurisjurandi
1696 1004 2000 1077 formuJa
2026 1006 2477 1097 roboratum,
2508 1009 2686 1081 nihil
2709 1032 2785 1081 se
2808 1009 3053 1081 efficax

925 1135 997 1191 et
1028 1118 1119 1191 de
1145 1144 1290 1217 quo
1347 1120 1701 1192 ullatenus
1744 1138 2037 1220 possent
2064 1122 2468 1216 confidere,
2512 1127 2732 1220 egisse
2766 1126 3062 1197 aestima-

925 1251 1127 1325 rent3
1186 1236 1312 1307 sed
1357 1238 1595 1335 potius
1658 1262 1789 1311 sua
1823 1263 2122 1336 quaeque
2164 1255 2605 1313 sacramenta
2646 1255 2717 1311 et
2756 1240 3052 1333 foedera,

927 1369 1272 1450 tanquam
1329 1356 1622 1426 reticula
1682 1371 1754 1426 et
1813 1354 2176 1453 decipulas
2212 1356 2477 1453 quibus
2512 1372 2939 1454 caperentur
2990 1373 3059 1429 et

928 1471 1369 1543 irretirentur
1400 1472 1706 1555 incauti,
1739 1496 1872 1542 nec
1900 1472 2097 1561 aliaS,
2133 1472 2549 1568 accipienda
2582 1472 2956 1569 putabant.

1632 1791 2145 1858 CAPITULUM
2196 1792 2347 1857 Vll.

1011 1980 1302 2052 Quomodo
1329 2006 1420 2040 rex
1447 1986 1703 2040 ducatum
1738 1987 2059 2059 Burgundiae
2099 1990 2295 2059 absque
2322 1991 2466 2043 bello
2492 1992 2764 2061 acquisivit
2789 2034 2804 2055 ‚
2836 2005 2883 2043 et
2911 1989 2977 2043 de

1631 2074 1805 2145 prima
1828 2076 2106 2130 obsidione
2128 2080 2365 2131 Dolensi.

1035 2290 1255 2355 Porro
1284 2284 1822 2380 hujuscemodi,
1863 2302 1942 2357 ut
1996 2285 2341 2374 diximus,
2394 2288 2853 2356 matrimonio
2900 2312 3071 2357 con-

935 2417 1160 2473 tracto
1177 2426 1307 2499 per
1326 2401 1549 2472 verba
1573 2402 1663 2472 de
1680 2404 2005 2499 praesenti
2025 2457 2041 2490 ‚
2068 2405 2142 2473 in
2168 2404 2494 2473 notitiam
2520 2404 2699 2497 regis
2721 2401 3065 2491 deducm,

938 2541 1102 2586 cum
1137 2516 1407 2588 videret
1470 2542 1543 2588 se
1581 2532 1896 2614 spretum
1930 2534 2000 2587 et
2058 2533 2553 2616 contemptum
2578 2575 2596 2610 ,
2654 2518 2939 2612 gravius
2996 2520 3067 2589 in
3130 2556 3135 2563 ·

939 2656 1064 2702 eos
1098 2633 1316 2730 ipsius
1375 2632 1669 2724 odium,
1738 2632 2052 2702 furorem
2104 2647 2319 2729 atque
2358 2633 2929 2728 indignationem
2990 2654 3071 2703 ea

938 2775 1050 2821 res
1098 2749 1461 2838 accendit3
1508 2763 1577 2819 et
1612 2749 1812 2844 quod
1845 2751 2169 2848 perprius
2217 2750 2484 2819 nedum
2524 2750 2764 2846 palam
2807 2765 2889 2819 ut
2932 2749 3071 2819 ini-

939 2869 1192 2956 micuS,
1233 2864 1357 2937 sed
1381 2866 1618 2963 potius
1641 2865 1834 2935 velut
1864 2880 2057 2937 tutor
2094 2879 2217 2935 aut
2242 2880 2528 2935 curator
2548 2866 2902 2959 legitimus
2920 2920 2939 2956 ,
2997 2866 3071 2935 in

941 2984 1259 3054 favorem
1284 3006 1424 3052 suae
1446 2980 1678 3051 filiolae
1699 3006 1773 3052 se
1802 2982 2089 3075 gessisse
2122 2996 2193 3051 et
2220 2982 2311 3051 ad
2351 2982 2530 3076 juris
2556 2982 2661 3050 sui
2694 3004 3074 3050 conserva-

943 3100 1214 3169 tionem
1243 3113 1313 3168 et
1338 3098 1713 3168 utilitatem
1735 3099 2147 3194 jactaverat,
2177 3099 2324 3192 jam
2347 3096 2715 3167 manifeste
2743 3111 2822 3165 ut
2848 3095 3076 3167 hostis

945 3238 1151 3309 agere
1202 3216 1440 3313 coepit.
1495 3216 1893 3285 Contractis
1952 3240 2261 3310 namque
2330 3240 2412 3285 ex
2470 3228 2622 3283 toto
2676 3236 2896 3307 regno
2942 3237 3076 3282 suo

947 3333 1170 3429 copiis
1196 3333 1515 3428 equitum
1551 3346 1763 3428 atque
1785 3331 2141 3428 peditum,
2177 3356 2332 3427 quae
2378 3330 2697 3427 profecto
2750 3330 3078 3400 maximae

947 3464 1172 3537 erant,
1205 3450 1319 3518 cui
1341 3453 1357 3486 ¹
1393 3449 1607 3519 etiam
1640 3462 1865 3518 totam
1900 3450 2096 3541 regni
2140 3450 2244 3517 sui
2282 3447 2724 3517 nobilitatem
2760 3470 2926 3514 cum
2948 3446 3077 3516 ad-

949 3566 1290 3652 scivisset,
1319 3566 1480 3658 igne
1515 3580 1586 3634 et
1618 3564 1804 3633 ferro
1840 3578 2059 3634 terras
2104 3564 2537 3661 principissa:
2588 3561 2873 3655 aggredi
2908 3586 3080 3657 pro-

952 3682 1262 3779 peravit3
1325 3697 1395 3752 et
1426 3682 1779 3778 populans
1824 3704 2029 3774 agros
2076 3696 2287 3775 atque
2326 3694 2759 3777 pervastanS,
2799 3678 3081 3748 colonis

951 3798 1063 3868 vel
1093 3800 1338 3869 occisis
1364 3800 1471 3869 vel
1519 3798 1813 3895 captivis
1867 3798 2216 3881 abductiS,
2278 3798 2473 3867 villas
2504 3820 3077 3891 quaquaversum

950 3939 1078 4010 per
1098 3939 1261 3985 suos
1287 3914 1570 3985 incendi
1611 3914 1912 3985 faciebat
1949 3916 2017 3983 in
2060 3914 2413 4003 picardia,
2448 3913 2825 3982 Hannonia
2864 3924 3080 4005 atque

952 4029 1302 4102 Flandria.

1039 4270 1094 4326 1.
1143 4265 1326 4321 Plutot
1356 4264 1583 4341 quibus,
1617 4264 1755 4319 mais
1785 4276 1937 4319 toute
1968 4263 2017 4319 la
2052 4265 2255 4341 phrasi·
2286 4262 2461 4341 parait
2495 4264 2731 4322 alterce-
