3400 5417
1026 546 1062 601 6
1567 548 2085 604 HISTORIARUM
2129 547 2482 604 LUDOVICI
2524 549 2607 603 XI

1023 679 1500 779 praeferendus
1549 678 1686 749 sibi
1738 676 2310 775 quibuscumque
2352 678 2504 748 aliis
2560 677 2975 767 videbatur3
3032 678 3155 749 scd

1022 812 1093 869 et
1130 823 1214 869 ex
1259 796 1400 868 alio
1442 797 1670 893 capite
1695 852 1715 887 ‚
1755 819 1957 885 cum,
2012 818 2099 864 ex
2150 796 2428 865 notoria
2476 795 2677 888 regni
2715 799 3155 865 Francorum

1020 911 1537 985 consuetudine
1571 968 1589 1003 ‚
1660 912 2301 1006 quotienscumque
2376 910 2629 1005 aliquis
2688 911 2988 981 moritur
3054 926 3153 981 te-

1022 1056 1200 1101 nens
1258 1028 1552 1101 feodum
1591 1054 1634 1101 a
1681 1053 1878 1123 rege,
1942 1028 2199 1099 relictis
2254 1026 2415 1098 filiis
2470 1027 2997 1124 impuberibus,
3043 1028 3158 1124 jus

1021 1144 1240 1219 habet
1293 1172 1415 1217 rex
1478 1146 1711 1217 tutelae
1770 1159 1983 1239 atque
2049 1144 2305 1238 gardiae
2368 1144 2823 1242 impuberum
2860 1201 2881 1236 ‚
2945 1160 3157 1242 atque

1022 1262 1211 1334 feodi
1255 1285 1380 1333 seu
1428 1260 1844 1352 feodorum,
1882 1284 2038 1355 quae
2084 1258 2462 1331 destinctus
2502 1259 2594 1331 de
2632 1261 2788 1357 ipso
2821 1259 3153 1349 tenebat3

1023 1402 1154 1451 nec
1202 1402 1374 1449 vero
1423 1375 1657 1448 solum
1724 1374 2099 1447 feodorum
2147 1376 2435 1445 illorum
2461 1431 2481 1466 ‚
2537 1376 2663 1446 sed
2706 1391 2778 1448 et
2830 1378 3159 1449 omnium

1023 1494 1364 1585 aliorum,
1419 1507 1570 1563 esto
1623 1491 1823 1587 quod
1874 1490 1963 1561 de
2014 1491 2306 1562 diversis
2359 1490 2801 1589 principibus
2854 1492 2969 1563 vel
3027 1494 3156 1565 do-

1027 1610 1236 1681 minis
1284 1624 1686 1700 teneantur,
1752 1609 1896 1703 regi
1949 1605 2153 1705 [non]
2205 1606 2504 1679 subditis
2559 1607 2766 1703 (satis
2810 1609 3006 1680 enim
3061 1628 3163 1683 cst

1023 1724 1222 1821 quod
1272 1726 1609 1816 alterum,
1660 1723 1770 1795 vel
1821 1724 2239 1814 minimum,
2303 1723 2393 1794 de
2450 1748 2611 1818 rege
2656 1739 3024 1818 teneatur,
3090 1744 3163 1799 ut

1025 1856 1442 1911 cae'terorum
1481 1841 1810 1911 omnium
1852 1864 1970 1909 rex
2017 1837 2335 1933 gardiam
2374 1854 2443 1909 et
2483 1840 2780 1911 tutelam
2828 1864 2976 1911 suae
3026 1844 3163 1913 uti-

1026 1956 1238 2028 litatis
1282 1956 1582 2043 efficiat)
1621 1983 1637 2025 ε
1679 1955 1813 2025 sub
1848 1955 1962 2025 his
1994 1956 2207 2050 igitur
2239 1955 2639 2049 coloribus,
2681 1957 2884 2027 initio
2914 1982 3162 2056 appre-

1027 2073 1389 2146 hendebat
1424 2098 1585 2165 rex,
1630 2088 1973 2168 tanquam
2020 2071 2253 2143 filiolae
2301 2098 2443 2142 suae
2478 2088 2696 2164 tutor,
2749 2072 3161 2168 hujusmodi

1027 2207 1246 2262 terras
1294 2215 1456 2261 suas
1507 2206 1721 2287 atque
1779 2188 2139 2280 dominia,
2194 2213 2509 2260 asserens
2549 2214 2621 2260 se
2672 2190 2944 2265 nullam
3002 2217 3163 2289 erga

1025 2330 1144 2378 eas
1189 2330 1515 2377 exercere
1573 2305 1751 2376 velle
1804 2304 2263 2375 hostilitatem
2317 2330 2440 2375 seu
2487 2304 2886 2401 perfidiam.
2948 2308 3163 2395 Quod

1028 2424 1520 2520 quamplures,
1589 2424 1827 2493 minus
1876 2421 2175 2519 provide
2231 2420 2729 2515 hujuscemodi
2782 2424 2965 2517 regis
3024 2450 3163 2496 ser-

1031 2538 1367 2612 monibus
1418 2539 1633 2610 fidem
1679 2552 2120 2635 praestanteS,
2178 2539 2342 2608 satis
2374 2538 2769 2635 perniciose
2812 2537 3058 2612 fefellit
3102 2558 3165 2613 et

1030 2655 1310 2727 delusit.

1129 2770 1503 2842 Audientes
1531 2784 1772 2841 autern
1804 2770 1955 2839 haec
1999 2770 2095 2840 ita
2123 2793 2250 2865 per
2285 2792 2523 2863 regem
2574 2770 2880 2861 actitari,
2923 2773 3053 2867 qui
3080 2772 3165 2843 de

1035 2885 1373 2956 omnibus
1389 2886 1588 2955 terris
1605 2884 2064 2981 principissae,
2086 2882 2409 2954 Gandavi
2421 2938 2438 2973 ,
2478 2884 2568 2954 de
2602 2882 2925 2980 quolibet
2939 2900 3125 2957 statu
3143 2944 3159 2977 ,

1037 3001 1259 3096 gradu
1313 3015 1526 3095 atque
1563 2999 1815 3070 ordine
1869 3014 2391 3090 convenerant,
2438 2998 2880 3070 destinarunt
2920 3000 3017 3072 ad
3062 3027 3162 3072 re-

1037 3140 1196 3211 gern
1227 3115 1619 3186 solemnem
1648 3114 2103 3209 legationem,
2147 3115 2219 3183 in
2258 3137 2399 3209 qua
2429 3113 2620 3183 fuere
2649 3114 2795 3184 duo
2828 3118 3163 3213 praecipui

1033 3232 1493 3303 cancellarius
1529 3230 1844 3320 defuncti
1877 3229 2213 3326 principis
2239 3243 2307 3298 et
2341 3228 2676 3299 dominus
2704 3230 2792 3298 de
2820 3230 3166 3300 Humber-

1035 3352 1297 3434 σαντ’,
1333 3347 1462 3416 viri
1498 3346 1743 3439 utique
1776 3345 2090 3415 saeculari
2132 3343 2513 3441 prudentia
2544 3344 2913 3436 callenteS,
2948 3362 3021 3417 et
3049 3350 3160 3443 qui

1037 3466 1228 3563 apud
1263 3464 1680 3535 defunctum
1716 3464 2111 3561 principem
2139 3463 2497 3561 praecipuo
2557 3463 2834 3535 honore
2888 3465 3165 3538 fuerant

1037 3580 1258 3651 habiti
1282 3636 1300 3670 ,
1339 3581 1755 3674 magnisque
1786 3578 1921 3649 sul)
1950 3579 2205 3649 eodem
2226 3636 2243 3665 ,
2281 3578 2479 3649 brevi
2514 3581 2852 3676 temporis
2888 3584 3119 3679 spatio
3144 3638 3160 3671 ‚

1117 3794 1175 3851 1.
1223 3790 1546 3848 Guillaume
1590 3796 1894 3868 Hugonet,
1946 3790 2270 3848 cliancelier
2316 3790 2385 3847 ‹le
2433 3794 2802 3868 Bourgogne,
2840 3805 2898 3848 et
2941 3792 3057 3851 Gui
3098 3793 3164 3849 de

1034 3884 1294 3955 Brimeu,
1355 3886 1617 3962 seigneur
1667 3883 2185 3955 d'flmnbercomt,
2238 3885 2425 3941 surent
2481 3904 2732 3960 envoyes
2777 3905 2849 3942 au
2898 3887 3019 3955 roi,
3053 3905 3161 3942 non

1033 3997 1135 4054 pas
1155 3997 1259 4055 par
1285 3978 1365 4035 les
1393 3970 1542 4035 Etats
1568 4024 1582 4048 ‚
1622 3962 1771 4036 mais*
1797 3999 1902 4056 par
1934 3979 1985 4034 la
2020 3977 2316 4035 ‹luchs-sse.
2347 3978 2590 4034 Thomas
2620 3977 2783 4034 Basin
2812 3997 2843 4034 a
2872 3978 3163 4034 consondu

1035 4070 1186 4127 deux
1234 4070 1594 4129 ambassades
1638 4072 1738 4147 qui
1784 4072 1965 4128 furem
2015 4072 2275 4146 separees
2313 4091 2417 4146 par
2466 4092 2539 4125 un
2585 4070 2725 4125 mois
2770 4070 3159 4133 ‹l'intervalle;

1033 4184 1131 4222 car
1173 4165 1314 4222 celle
1351 4165 1422 4220 (le
1464 4165 1518 4220 la
1561 4164 1839 4221 duchesse
1880 4164 2046 4240 partit
2084 4185 2153 4221 au
2183 4152 2673 4221 comniencement
2715 4164 2785 4220 (le
2831 4165 3063 4233 siwrier,
3113 4177 3163 4219 et

1035 4259 1175 4314 velle
1204 4258 1301 4315 des
1333 4247 1486 4315 Etats
1519 4258 1825 4315 seulement
1862 4278 1931 4314 en
1966 4278 2134 4316 mars.
