3400 5417
1077 509 1296 570 LIBER
1337 511 1694 567 SEPTIMUS
1706 552 1717 564 .
2356 511 2383 564 1
2400 510 2465 565 lii

345 647 460 719 vid
499 647 699 743 (erat
755 646 951 718 enim
986 643 1218 717 David
1259 667 1524 713 nomen
1574 641 1829 738 ipsius)
1882 655 2115 738 partes
2153 639 2424 714 habere
2449 694 2466 728 ,

346 762 452 834 vel
481 762 880 860 quidquam
917 758 1008 830 de
1040 783 1129 829 eo
1173 757 1444 830 audire.
1477 758 1887 852 Fuissetque
1926 755 2041 827 ille
2072 758 2181 826 vir
2201 755 2468 844 bonuS,

345 879 464 974 qui
508 878 891 950 consilium
934 875 1024 948 de
1057 900 1146 947 eo
1198 872 1629 946 accersendo
1675 872 2132 961 acclamarat,
2173 897 2216 943 a
2265 870 2477 943 turba

345 991 647 1063 laniatus
697 1005 770 1063 et
817 1014 1198 1088 oppressus
1223 1044 1241 1080 ,
1302 989 1436 1060 nisi
1491 1003 1765 1060 mature
1817 1013 1897 1064 se
1938 986 2385 1060 absentando
2434 1011 2477 1059 a

349 1106 552 1178 turba
598 1131 729 1204 per
768 1106 1124 1177 occultam
1162 1104 1402 1199 fugam
1432 1102 1619 1175 elabi
1652 1105 2021 1201 potuisset.

439 1223 674 1292 Altero
717 1237 954 1294 autem
988 1220 1220 1315 quod,
1254 1245 1420 1292 cum
1465 1219 1779 1308 idolum,
1828 1218 2025 1314 quod
2059 1218 2193 1290 sibi
2226 1219 2479 1290 adver-

347 1361 500 1408 sum
526 1337 867 1408 eumdem
899 1335 1316 1433 pontificem
1344 1336 1762 1406 invexerant
1788 1349 2000 1428 atque
2034 1339 2435 1406 erexerant¹
2455 1388 2473 1424 ,

347 1453 436 1524 ad
479 1479 607 1525 eos
648 1454 951 1524 misisset
993 1452 1400 1550 pacandos,
1441 1453 1732 1546 singulis
1774 1449 2127 1522 artificum
2168 1451 2481 1546 collegiis

348 1570 435 1641 ad
463 1570 870 1642 bibendum
899 1593 1123 1639 unum
1160 1568 1437 1640 dolium
1475 1569 1783 1639 cervisiae
1817 1594 1890 1639 se
1938 1568 2295 1665 pollicitus
2338 1568 2481 1670 da—

351 1699 583 1757 turum
602 1743 622 1778 ,
656 1686 982 1784 protinus
1021 1685 1094 1755 in
1124 1709 1286 1757 eam
1316 1685 1682 1755 stultitiam
1712 1684 1968 1782 relapsi
2001 1700 2166 1755 sunt
2202 1700 2282 1754 ut
2316 1709 2481 1756 eum

349 1801 435 1872 ad
470 1802 776 1873 domum
818 1801 926 1873 sui
971 1802 1380 1873 consulatus
1413 1802 1759 1893 accirent,
1798 1800 2077 1898 sibique
2112 1816 2483 1898 portarurn

351 1917 647 1989 civitatis
673 1971 691 2006 ‚
734 1941 912 2012 quas
946 1917 1254 1988 tulerant
1286 1941 1330 1988 a
1361 1917 1503 1987 suis
1535 1918 1853 2013 tyrannis
1874 1971 1892 2005 ,
1926 1917 2159 1988 claves
2184 1920 2485 2013 resigna-

353 2050 525 2124 rent,
573 2053 789 2129 atque
823 2033 1179 2106 fidelitatis
1213 2048 1658 2105 sacramenta
1689 2033 1877 2103 ultro
1919 2033 1985 2103 ei
2030 2049 2478 2130 praestarent3

353 2154 468 2248 qui
525 2157 751 2224 aetatis
815 2153 1092 2224 circiter
1140 2177 1500 2224 annorum
1553 2175 1767 2240 xviii,
1824 2175 1957 2221 nec
2015 2147 2300 2244 litteris,
2354 2177 2485 2223 nec

354 2270 654 2342 naturali
698 2269 1075 2367 prudentia
1123 2270 1234 2339 vel
1292 2268 1615 2340 moribus
1654 2269 1815 2338 ullis
1856 2265 2176 2365 probatis
2220 2270 2486 2339 emine-

353 2384 492 2457 bat.
533 2391 703 2474 Quo
740 2386 952 2476 fact0,
995 2409 1160 2455 cum
1200 2385 1332 2481 ipsi
1367 2399 1561 2454 certo
1603 2408 1906 2454 numero
1940 2381 2302 2454 doliorum
2330 2408 2482 2454 cer-

355 2502 564 2591 visiae,
629 2527 789 2596 quae
832 2502 932 2571 eis
976 2502 1325 2598 promissa
1364 2501 1625 2588 suerat,
1676 2526 1843 2571 suos
1884 2513 2165 2571 ventres
2197 2498 2484 2596 imples·

355 2631 496 2686 sent
530 2620 732 2714 (quae
760 2633 997 2688 tamen
1030 2618 1163 2714 ipsi
1196 2618 1555 2687 exsolvere
1585 2630 1830 2713 postea
1861 2615 2209 2713 compulsi
2242 2617 2434 2706 sunt)
2460 2672 2477 2706 ,

355 2732 788 2804 abinvicem
823 2731 1303 2821 discedenteS,
1341 2733 1413 2801 in
1471 2731 1731 2802 domos
1774 2755 1935 2801 suas
1980 2731 2236 2825 singuli
2290 2730 2481 2802 abie-

357 2864 535 2920 runt.

446 2966 701 3036 Statim
735 2988 906 3034 vero
943 2963 1190 3034 solutis
1224 2988 1263 3032 e
1301 2986 1616 3050 carcere,
1649 2987 1831 3059 quos
1858 2964 1990 3060 ipsi
2020 2963 2478 3056 incluserant,

357 3095 421 3150 et
464 3107 636 3152 suos
685 3081 1132 3174 magistratus
1183 3079 1398 3148 etiam
1454 3104 1620 3149 cum
1671 3078 2021 3175 ampliore
2066 3081 2485 3151 auctoritate

358 3197 977 3295 recuperantil)us‚
1015 3195 1260 3292 paucis
1293 3194 1566 3265 effluxis
1591 3195 1884 3285 diebuS,
1928 3221 2073 3265 uno
2103 3221 2185 3265 ex
2220 3197 2331 3268 his
2362 3199 2485 3294 qui

356 3313 769 3410 colligendae
806 3326 876 3382 et
908 3310 1368 3407 aggreganda¹
1404 3309 1697 3409 plebeiae
1731 3310 2204 3380 multitudinis
2239 3328 2487 3382 auctor

355 3431 740 3512 exstiterat,
783 3428 1244 3524 tyrannisque
1271 3431 1290 3462 ²
1346 3427 1738 3523 suspectior
1782 3425 2209 3515 habebatur,
2256 3430 2486 3525 capite

356 3542 560 3638 plexo
615 3543 784 3637 (suh
840 3556 1180 3640 praetextu
1239 3557 1476 3613 tamen
1540 3543 1843 3612 aliorum
1895 3545 2277 3614 criminum
2328 3569 2484 3639 qua*

359 3685 537 3731 unus
589 3675 1024 3757 perpetrasse
1080 3658 1514 3752 ferebatur),
1573 3659 1690 3728 alii
1744 3684 2000 3730 novem
2052 3659 2298 3730 banno
2356 3688 2485 3759 pu-

356 3773 544 3846 blico
586 3778 965 3875 proscripti
1004 3792 1192 3846 sunt.

452 3897 605 3962 Hoc
661 3892 954 3987 quidem
1014 3916 1243 3961 unum
1297 3891 1370 3958 in
1437 3904 1538 3959 tot
1595 3915 1846 3961 eorum
1907 3893 2108 3962 malis
2158 3892 2478 3982 bonum,

440 4155 495 4208 1.
542 4151 834 4228 Engilbert
865 4151 935 4207 de
962 4152 1181 4209 Cl‹'·ve5.

441 4246 497 4301 ’2.
551 4245 734 4300 ΡΙυῐόῑ
763 4258 1016 4299 auctores
1043 4246 1407 4310 exstiterant,
1441 4251 1693 4313 circumis
1724 4252 1840 4319 qni.
