3400 5417
887 528 1003 585 332
1749 526 2131 585 APOLOGIA
2146 566 2163 594 ,

886 660 1175 751 vatoris,
1209 659 1335 756 qui
1375 660 1473 733 ait
1504 658 1818 756 (Matth.‚
1854 660 1946 754 X)
1984 686 2002 728 ε
2039 688 2071 727 «
2111 659 2184 729 Si
2214 681 2344 729 vos
2373 658 2724 755 persecuti
2763 658 3018 733 fuerint

886 775 960 847 in
1001 799 1147 846 una
1175 776 1485 864 civitate,
1526 774 1741 869 sugite
1775 774 1848 844 in
1884 774 2123 845 aliam.
2161 801 2194 837 υ
2219 773 2294 844 Si
2321 772 2517 844 enim
2543 772 3021 846 universaliter

886 905 1319 991 potestatum
1362 892 1736 989 praeceptis
1777 906 1848 962 et
1903 891 2177 989 absque
2219 890 2369 963 ullo
2419 888 2703 963 delectu
2749 916 3021 991 semper

887 1008 1375 1081 obediendum
1410 1023 1621 1101 esset,
1663 1033 2041 1107 nunquam
2074 996 2277 1081 locus
2305 1008 2598 1081 daretur
2641 1010 2718 1080 in
2749 1035 2900 1107 quo
2929 1026 3023 1083 ta·

888 1125 1066 1196 lium
1105 1126 1684 1223 persequentium
1722 1139 1845 1195 aut
1877 1125 2209 1223 persequi
2250 1126 2658 1217 curantium
2693 1128 3024 1199 saevitiam

888 1252 1103 1332 atque
1136 1237 1588 1335 tyrannidem
1625 1235 1986 1309 declinare
2021 1236 2288 1330 liceret,
2329 1252 2405 1309 et
2438 1238 2539 1309 sic
2573 1240 2884 1311 omnino
2908 1263 3022 1310 va·

888 1377 1109 1425 cuum
1164 1369 1377 1450 atque
1418 1354 1631 1427 inane
1688 1352 2108 1426 redderetur
2147 1369 2584 1453 praeceptum
2623 1356 2854 1427 nostri
2902 1358 3024 1427 Re-

891 1469 1307 1567 demptoris,
1345 1470 1545 1569 quod
1580 1495 1731 1541 non
1765 1470 1990 1541 modo
2023 1470 2275 1563 verb0,
2316 1470 2441 1541 sed
2481 1495 2697 1568 opere
2740 1485 2815 1543 et
2850 1471 3025 1543 facto

892 1586 1038 1682 ipse
1064 1585 1474 1683 praedicavit
1503 1599 1575 1656 et
1602 1585 1876 1656 docuit.
1916 1590 2124 1675 Nam,
2154 1600 2235 1656 ut
2259 1608 2542 1657 sacrum
2573 1585 3027 1681 Evangelium

892 1701 1137 1791 refert,
1196 1702 1343 1798 ipse
1393 1702 1467 1772 in
1523 1699 1797 1772 somnis
1834 1726 1963 1799 per
2021 1701 2354 1796 angelum
2398 1702 2664 1799 Joseph
2701 1704 3030 1801 praecepit

891 1816 1137 1888 dicens
1170 1844 1188 1887 ε
1237 1846 1273 1884 «
1310 1818 1532 1912 Surge
1567 1832 1637 1889 et
1682 1819 1926 1915 accipe
1958 1842 2264 1915 puerum
2296 1832 2368 1887 et
2408 1832 2714 1889 matrem
2749 1818 2933 1915 ejuS,
2969 1834 3030 1889 et

896 1932 1054 2027 fuge
1089 1934 1162 2004 in
1200 1938 1621 2030 AEgyptum,
1662 1948 1961 2028 estoque
2005 1931 2108 2005 ibi
2152 1933 2388 2005 donec
2429 1932 2670 2005 dicam
2714 1930 2877 2004 tibi.
2919 1938 3033 2003 Fu-

894 2066 1135 2121 turum
1168 2065 1272 2120 est
1294 2052 1489 2122 enim
1515 2062 1594 2121 ut
1626 2051 1948 2121 Herodes
1981 2065 2250 2148 quaerat
2275 2074 2582 2148 puerum
2615 2052 2708 2123 ad
2741 2049 3034 2149 perden-

894 2170 1095 2240 dum.
1140 2197 1175 2236 »
1231 2166 1438 2239 Unde
1469 2166 1642 2239 dicti
1674 2168 1960 2263 tyranni
1999 2168 2335 2238 saevitiam
2368 2191 2502 2264 pro
2545 2168 2774 2239 nostri
2810 2168 3032 2239 erudi-

894 2286 1089 2355 tione
1120 2283 1468 2372 devitanS‚
1513 2283 1655 2354 illic
1688 2284 1951 2355 mansit
1983 2307 2210 2379 usque
2242 2281 2335 2354 ad
2374 2282 2659 2354 obitum
2689 2282 3026 2380 ejusdem.

991 2401 1364 2497 Apostolus
1397 2400 1612 2471 etiam
1650 2401 1910 2472 Paulus
1934 2412 2472 2496 persecutorum
2503 2400 2880 2471 declinans
2912 2400 3032 2470 im·

896 2518 1215 2614 pietates,
1254 2542 1383 2617 per
1417 2517 1654 2611 fugam
1680 2516 1816 2587 sibi
1842 2518 2198 2614 sapienter
2219 2516 2606 2608 consuluit,
2638 2541 2816 2587 cum
2843 2507 3033 2587 sciret

896 2634 1354 2729 pra-positum
1397 2633 1726 2703 Damasci
1775 2631 1868 2703 ad
1908 2655 2160 2730 poenas
2206 2630 2697 2730 suppliciaque
2735 2656 2820 2702 se
2854 2655 3036 2702 com-

898 2750 1345 2845 prehendere
1396 2750 1607 2821 velle.
1670 2754 1916 2820 Petrus
1973 2751 2188 2821 etiam
2241 2749 2635 2847 apostoluS,
2695 2774 2872 2819 cum
2919 2774 3033 2847 per

900 2864 1253 2934 Herodem
1304 2867 1378 2935 in
1426 2889 1784 2936 carcerem
1844 2866 2290 2962 lerosolymis
2332 2881 2568 2936 trusus
2609 2865 2855 2936 suisset
2896 2868 3031 2963 (qui

900 3002 1065 3045 euni
1098 2976 1383 3047 volebat
1423 2976 1514 3047 ad
1554 2978 1899 3074 supplicia
1933 2976 2024 3049 de
2062 3001 2150 3049 eo
2183 2977 2533 3048 sumenda
2574 2992 2739 3075 post
2779 2978 3033 3075 pascha

901 3088 1173 3187 populo
1207 3089 1402 3161 velut
1426 3089 1517 3161 ad
1548 3090 2034 3187 spectaculum
2065 3088 2556 3161 exhibendum
2581 3088 3028 3186 producere),

901 3228 1028 3301 per
1071 3203 1405 3299 angelum
1455 3206 1584 3275 Dei
1636 3206 1951 3276 monitus
1996 3219 2209 3301 atque
2254 3206 2579 3300 adjutuS‚
2636 3230 2924 3276 carcere
2969 3228 3033 3274 se

901 3321 1160 3416 eripuit
1198 3336 1269 3391 et
1302 3321 1570 3393 eduxit.
1622 3325 1873 3392 Noster
1903 3321 2120 3392 etiam
2162 3320 2623 3418 Redemptor,
2661 3346 2838 3390 cum
2868 3344 3034 3390 non·

903 3432 1078 3503 dum
1134 3433 1529 3505 advenisset
1583 3448 1862 3531 tempus
1926 3449 1995 3503 et
2041 3433 2225 3504 hora
2273 3434 2348 3504 in
2400 3458 2586 3530 qua,
2647 3432 3033 3504 secundum

904 3566 1245 3622 aeternum
1268 3577 1409 3621 suae.
1438 3550 1922 3647 dispositionis
1948 3550 2354 3640 consilium,
2388 3574 2524 3648 pro
2554 3550 3034 3648 redemptione

908 3682 1146 3739 nostra
1204 3682 1508 3739 mortem
1574 3667 1776 3737 obire
1831 3679 1901 3737 et
1961 3668 2191 3737 crucis
2251 3667 2562 3762 perferre
2617 3667 3034 3764 supplicium

907 3783 1322 3870 destinarat,
1373 3784 1759 3854 furentium
1791 3782 2238 3873 Judaeorum,
2271 3797 2342 3852 et
2374 3807 2539 3852 eum
2577 3784 2688 3853 vel
2728 3782 3034 3879 praecipi·

909 3915 1054 3971 tare
1087 3899 1177 3969 de
1210 3903 1471 3971 montis
1494 3900 1900 3996 superciliO,
1936 3901 2048 3970 vel
2076 3897 2438 3995 lapidibus
2470 3914 2805 3996 oppetere
2837 3914 3033 3992 atque

910 4016 1212 4086 obruere
1266 4019 1691 4097 volentium,
1749 4040 1930 4111 saepe
1984 4016 2056 4085 in
2111 4016 2324 4085 sacris
2372 4013 2752 4109 evangeliis
2793 4014 3036 4109 legitur

909 4135 1434 4231 persecutiones
1486 4134 1830 4203 devitasse
1882 4147 2095 4227 atque
2148 4132 2510 4227 effugisse,
2551 4156 2684 4203 nos
2726 4132 3034 4228 profecto

916 4252 1263 4319 instruens
1299 4263 1511 4343 atque
1558 4248 2037 4343 praemuniens
2073 4262 2192 4338 ut,
2232 4273 2400 4319 cum
2435 4247 2644 4318 nobis
2686 4248 2860 4320 tales
2898 4270 3034 4343 per·
