3400 5417
1246 513 1469 569 LIBER
1508 514 1809 572 PRIMUS.
2475 522 2588 578 31¹1

1168 795 1677 869 CAPITULUM
1728 803 1878 869 XX.

450 992 529 1044 De
552 993 655 1046 alia
682 994 988 1065 gravissima
1012 996 1294 1068 caluumia,
1317 1012 1369 1052 et
1384 999 1773 1053 interventione
1797 999 1948 1055 ducis
1966 1003 2262 1072 Aquitania
2285 1022 2386 1077 pro
2409 1006 2585 1060 nobit.

546 1184 688 1269 Qui
735 1184 949 1255 etiarn
992 1184 1144 1255 ausi
1194 1198 1359 1253 sunt
1410 1184 1626 1254 talem
1665 1184 1742 1254 in
1803 1209 1938 1256 nos
1982 1186 2419 1259 concinnare
2471 1213 2587 1263 ca·

446 1298 821 1392 lumniam,
852 1326 1017 1370 cum
1046 1324 1176 1397 per
1201 1324 1440 1394 regem
1470 1299 1898 1398 apprehensi
1925 1316 1996 1371 et
2021 1301 2095 1371 in
2120 1301 2584 1375 deterrimum

442 1440 801 1487 carcerem
830 1416 1097 1486 detrusi
1128 1415 1453 1487 fuissent¹
1488 1442 1655 1488 suus
1682 1417 2061 1489 cardinalis
2083 1419 2338 1513 Βαίαε,
2366 1446 2582 1518 quem

440 1534 659 1630 paulo
721 1548 885 1605 ante
939 1558 1280 1627 magnum
1332 1548 1401 1603 et
1444 1534 1884 1631 praecipuum
1939 1535 2252 1606 amicum
2299 1535 2584 1634 publice

437 1649 797 1747 appellare
850 1648 1156 1737 solebat,
1221 1649 1511 1745 ejusque
1563 1650 1837 1720 satelles
1884 1651 2262 1748 episcopus
2327 1652 2582 1723 Virdu-

437 1766 735 1856 nensis²,
769 1765 967 1862 quod
994 1789 1460 1859 quaecumque
1484 1765 1913 1861 proditionis
1932 1791 2054 1837 seu
2086 1766 2434 1859 veneficii,
2473 1771 2580 1841 vel

434 1882 581 1951 doli
622 1882 790 1952 mali
810 1897 1025 1978 atque
1058 1880 1349 1951 nefandi
1378 1881 1451 1950 in
1483 1905 1722 1975 regem
1756 1880 1868 1951 vel
1903 1881 2288 1953 machinati
2317 1900 2574 1978 essent,

434 1998 545 2068 vel
588 2025 663 2069 se
707 2000 1178 2069 intentaturos
1230 1998 1736 2091 excogitassent
1789 1999 1954 2094 (pro
2002 2024 2314 2094 quorum
2357 2002 2578 2098 suspi-

430 2116 641 2185 cione
666 2116 1051 2185 criminum
1078 2116 1265 2212 capti
1286 2130 1355 2185 et
1378 2115 1806 2211 deprehensi
1834 2116 2300 2212 ferebantur),
2332 2121 2576 2192 omnia

428 2230 642 2301 nobis
708 2230 1159 2320 auctoribus,
1231 2229 1729 2300 inventoribus
1797 2246 2008 2327 atque
2087 2233 2574 2305 incentoribus

427 2348 887 2442 peregissent.
930 2346 1154 2441 quue
1192 2346 1616 2440 gravissima*
1651 2361 1722 2415 et
1755 2346 2273 2418 nefandissima‘
2309 2351 2576 2422 calum-

427 2462 560 2531 nia·
596 2478 1091 2532 commentum
1140 2463 1235 2532 ita
1272 2462 1473 2558 impii
1518 2462 1851 2531 homines
1899 2464 2107 2557 regiis
2141 2466 2434 2537 auribus
2469 2468 2572 2537 in·

422 2577 833 2667 culcarunt,
883 2594 965 2648 ut
999 2579 1090 2649 ad
1130 2577 1348 2647 fidem
1383 2578 1482 2647 eis
1525 2576 1936 2650 habendam
1975 2579 2328 2651 adductus
2363 2582 2571 2654 fuisse

424 2718 545 2763 rex
580 2695 972 2790 aliquando
1003 2694 1353 2765 videatur.
1397 2698 1577 2763 'Nam
1613 2720 1782 2763 cum
1819 2696 2134 2766 secunda
2169 2699 2322 2768 vice
2355 2700 2430 2769 in
2467 2700 2569 2771 fa-

424 2835 675 2879 vorem
728 2811 950 2880 nostri
1020 2810 1528 2880 illustrissimus
1591 2811 2181 2905 Burgundionum
2237 2814 2383 2884 dux
2443 2841 2572 2912 per

421 2953 636 2997 suum
673 2929 1157 3013 secretarium,
1199 2953 1329 3024 pro
1360 2926 1569 2997 nobis
1604 2928 2061 2999 clementiam
2088 2929 2238 3024 ejus
2267 2956 2568 3003 exorans

420 3060 635 3141 atque
667 3046 1097 3142 imprecans,
1136 3044 1545 3140 scripsisset,
1582 3045 1891 3114 irritatus
1924 3046 2122 3139 quod
2153 3046 2372 3118 altera
2406 3064 2567 3145 post

418 3162 737 3257 priorem
768 3163 920 3231 vice
955 3184 1199 3256 preces
1236 3183 1367 3255 pro
1405 3158 1613 3228 nohis
1642 3159 1925 3245 faceret,
1963 3160 2138 3229 dixit
2175 3176 2237 3229 et
2279 3162 2564 3259 publice

420 3276 493 3345 in
546 3277 697 3347 lla-c
748 3277 966 3346 verba
1004 3275 1329 3374 prorupit
1380 3305 1411 3341 «
1457 3274 1654 3369 quod
1703 3298 2078 3369 nunquam
2125 3276 2335 3346 nobis
2379 3279 2452 3347 in
2488 3305 2561 3350 se

416 3393 727 3465 admissa
779 3393 1176 3487 indulgeret
1226 3418 1345 3462 seu
1407 3391 1890 3482 condonaret,
1942 3417 2030 3461 eo
2067 3392 2264 3485 quod
2299 3394 2373 3462 in
2409 3396 2560 3490 ejus

419 3536 671 3581 necem
738 3510 1123 3581 machinati
1183 3509 1587 3597 fuissemus,
1634 3540 1667 3573 »
1731 3509 2345 3603 quemadmodum
2409 3512 2557 3608 ipse

414 3627 867 3716 secretariuS,
924 3650 1057 3722 pro
1121 3622 1332 3693 nobis
1387 3623 1681 3711 missuS,
1739 3624 2030 3719 praefato
2085 3624 2553 3698 illustrissimo

414 3743 583 3814 duci
620 3743 875 3831 retulit,
916 3756 1128 3835 atque
1167 3741 1379 3810 ctiam
1414 3739 1649 3827 nobiS,
1686 3765 1760 3809 se
1797 3740 1888 3809 ab
1926 3766 2014 3810 eo
2051 3742 2379 3814 audiisse.

512 3866 686 3950 Qua*
722 3860 1040 3957 profecto
1088 3860 1484 3945 calumnia,
1540 3858 1868 3927 omnium
1922 3860 2355 3954 gratissima,
2401 3888 2548 3933 non

495 4073 550 4124 1.
600 4068 713 4125 Mai
745 4070 923 4125 1469.

491 4166 549 4219 9..
599 4160 887 4237 L'eveque
913 4159 984 4216 dc
1003 4158 1261 4227 verdun,
1291 4157 1617 4216 Guillauine
1645 4158 1718 4215 de
1746 4163 2134 4218 Haraucourt.
2161 4165 2349 4237 Voyez
2372 4163 2545 4221 fnis-

409 4258 555 4314 toire
584 4257 661 4313 du
696 4256 871 4333 regne
902 4254 975 4313 de
1002 4254 1176 4312 Louis
1205 4256 1314 4323 XI,
1346 4264 1387 4310 t.
1420 4256 1499 4321 11,
1533 4272 1591 4329 p.
1621 4256 1762 4312 211.
