3400 5417
12 1530 23 1669 -uv-
13 1438 16 1465 ’-

943 508 1059 565 :m
1805 506 2182 565 nomeu
2201 546 2218 577 ,

942 639 1140 735 regio
1165 638 1617 737 procuratori
1636 636 1751 709 vel
1779 634 2162 730 advocato,
2189 636 2302 711 vel
2336 636 2430 710 ab
2462 637 2636 736 ipsis
2655 635 3074 741 substitutis,

940 754 1067 827 sed
1100 769 1172 826 et
1202 753 1497 827 cuilibet
1548 752 1996 827 advocatello
2061 776 2150 825 ea
2200 752 2490 826 licentia
2541 754 2834 852 quaesita
2872 768 2982 827 est
3009 770 3079 828 et

938 871 1283 969 permissa
1336 886 1447 965 ut,
1485 895 1620 970 pro
1674 894 2134 969 quacumque
2171 869 2286 942 vel
2317 870 2622 943 minima
2664 872 3080 971 apparentia

936 1013 1064 1061 seu
1110 988 1487 1087 phantasia
1508 1044 1530 1081 ,
1567 988 1947 1086 cujuslibet
1977 990 2250 1088 praelati
2278 990 2828 1065 ecclesiasticam
2867 990 3080 1088 juris·

937 1104 1328 1177 dictionem
1397 1106 1474 1177 in
1529 1105 1852 1203 qualibet
1893 1128 2110 1177 causa
2173 1106 2637 1200 calumniari,
2699 1106 3082 1181 deturbare

937 1234 1151 1318 atque
1219 1245 1567 1295 evacuare
1630 1222 1881 1321 possit.
1940 1224 2025 1293 Et
2073 1246 2244 1294 cum
2304 1222 2382 1293 in
2436 1220 2780 1295 omnihus
2829 1223 3082 1321 hujus·

938 1333 1225 1406 cemodi
1284 1334 1591 1432 querelis
1644 1348 1921 1433 partem
1965 1332 2285 1407 habeant
2335 1331 2750 1425 formalem,
2805 1333 3082 1431 judices

936 1450 1251 1547 primum
1272 1506 1292 1543 ,
1347 1449 1608 1521 deinde
1666 1448 2061 1523 advocatos
2125 1465 2197 1523 et
2264 1463 2766 1549 procuratores
2817 1452 3075 1547 regios,

936 1581 1407 1663 caeteramque
1450 1567 1826 1638 curialium
1875 1565 2196 1638 turbam¹
2245 1589 2475 1662 usque
2506 1566 2600 1640 ad
2635 1591 2906 1657 unum,
2943 1566 3082 1641 hac

937 1683 1345 1756 infelicitate
1415 1682 1902 1783 percelluntur
1961 1683 2164 1781 quod
2221 1682 2516 1755 eosdem
2547 1736 2569 1773 ,
2623 1683 2752 1778 qui
2801 1684 2906 1754 eis
2961 1684 3078 1754 in—

935 1798 1285 1872 festissimi
1326 1799 1711 1873 adversarii
1768 1800 2146 1892 exsistunt,
2199 1799 2350 1898 pati
2388 1797 2693 1895 judices,
2729 1812 2805 1901 et
2834 1823 3078 1872 coram

936 1915 1071 2002 eis,
1137 1916 1318 1988 licet·
1368 1916 1904 2009 inimicissimiS‚
1964 1915 2279 2012 litigare,
2338 1939 2736 2013 eorumque
2796 1939 3080 1988 necesse

936 2030 1286 2120 habeant,
1349 2031 1569 2103 velint
1628 2032 1896 2120 nolint,
1963 2044 2370 2130 exspectare
2427 2031 2810 2128 judicium.
2865 2031 3076 2120 Quod

935 2148 1037 2218 eis
1083 2148 1577 2219 infelicissimae
1611 2149 1880 2246 species
1915 2162 2020 2219 est
2056 2148 2396 2244 angustiae
2427 2160 2498 2219 et
2530 2146 2977 2220 calamitatis.

1034 2265 1265 2361 Atqui,
1298 2266 1355 2336 si
1389 2263 1808 2359 hujusmodi
1841 2264 2102 2359 egregii
2128 2263 2432 2360 judices,
2463 2264 2587 2360 qui
2622 2266 3079 2337 communius

937 2378 1175 2451 officia
1212 2379 1632 2475 judicaturae
1673 2379 1768 2452 ad
1801 2380 2214 2451 auctionem
2247 2378 2383 2450 sub
2423 2380 2683 2450 annuis
2715 2380 3078 2477 pensioni-

936 2493 1073 2567 bus
1111 2511 1613 2593 assequuntur,
1651 2496 1760 2567 vel
1797 2496 2173 2568 minimam
2201 2496 2656 2569 occasionem
2688 2522 2818 2567 seu
2846 2496 3076 2596 phan-

937 2616 1188 2686 tasiam
1217 2629 1471 2688 contra
1505 2614 1879 2687 ecclesiam
1914 2612 2184 2685 habere
2211 2614 2523 2711 possint,
2564 2613 2802 2685 statim
2826 2624 3074 2687 contra

936 2755 1095 2802 eam
1149 2729 1473 2827 judicare
1504 2788 1523 2825 ,
1600 2755 2018 2829 quanquam
2075 2729 2549 2826 iniquissime,
2622 2753 2774 2801 non
2829 2754 3078 2802 veren-

936 2860 1074 2916 tur.
1146 2846 1284 2918 Ubi
1332 2873 1504 2918 vero
1561 2848 1834 2920 nullam
1897 2846 2115 2918 talem
2162 2846 2654 2944 apparentiam
2690 2845 2804 2917 vel
2869 2848 3075 2920 mini-

938 2986 1131 3033 mam
1214 2963 1628 3034 adinvenire
1686 2963 2054 3059 potuerint
2086 3018 2106 3054 ,
2176 2962 2300 3033 sed
2377 2960 2748 3034 manifeste
2817 2986 3074 3059 agnos-

936 3092 1103 3149 cant
1136 3093 1389 3150 contra
1425 3077 1800 3150 ecclesiam
1835 3079 2257 3152 sententiam
2303 3078 2601 3149 minime
2633 3078 2797 3149 ferri
2835 3104 3072 3178 posse,

937 3213 1310 3286 nunquam
1349 3214 1481 3287 pro
1538 3214 1621 3261 ea
1678 3189 2109 3287 judicabunt
2138 3244 2156 3280 ,
2213 3189 2341 3261 sed
2397 3214 2566 3262 cum
2615 3188 3078 3264 dilationibus

935 3301 1087 3373 sine
1146 3301 1290 3374 fine
1338 3303 1581 3400 aliquo
1627 3325 1917 3374 causam
1974 3303 2284 3374 retinent
2314 3301 2730 3375 indecisam.
2779 3307 2868 3374 Et
2909 3328 3072 3375 cum

937 3443 1070 3515 pro
1115 3420 1428 3491 maxima
1486 3418 1908 3490 solidissima
1964 3432 2257 3490 teneant
2293 3446 2330 3486 κ
2372 3440 2614 3514 regem
2651 3445 2688 3485 n
2722 3443 2944 3515 quem
2999 3422 3068 3490 in

937 3534 1277 3606 omnibus
1314 3534 1576 3607 talibus
1608 3535 1839 3606 causis
1872 3535 2182 3607 ecclesiae
2215 3533 2639 3631 confingunt
2666 3535 3066 3625 inimicum,

943 3680 975 3716 «
1032 3675 1405 3748 nunquam
1458 3653 1591 3722 nisi
1638 3676 2123 3750 possessorem
2158 3651 2434 3747 litigare
2477 3649 2745 3723 debere
2773 3653 2828 3745 ¹,
2881 3683 2916 3718 n
2947 3677 3075 3750 per

1019 3867 1072 3920 1.
1117 3864 1265 3921 C’est
1295 3883 1361 3921 ce
1388 3868 1565 3941 qu'on
1593 3863 1846 3943 appelait
1872 3866 1928 3922 la
1952 3864 2127 3920 colum
2153 3882 2224 3921 en
2252 3862 2628 3920 Normandie.

1017 3964 1077 4023 2.
1123 3960 1505 4024 C’est-a-dirc
1526 4008 1543 4037 ,
1580 3983 1696 4040 que
1725 3963 1779 4019 le
1812 3962 1901 4021 roi
1927 3981 2004 4021 ne
2032 3961 2152 4019 doit
2180 3960 2402 4040 plaider
2425 3980 2542 4037 que
2576 3960 2735 4018 nanti
2774 3960 2848 4019 de
2879 3959 3074 4034 l’objet

937 4081 1038 4118 sur
1066 4061 1255 4137 lequel
1285 4075 1447 4139 porte
1480 4063 1535 4120 le
1576 4064 1781 4139 proces
1826 4066 1923 4132 (on
1966 4060 2134 4117 disait
2169 4059 2610 4117 anciennement
2645 4082 2657 4115 z
2697 4086 2722 4110 ιι
2753 4063 2835 4117 Le
2873 4060 2964 4117 roi
3001 4078 3073 4118 ne

938 4157 1161 4235 plaide,
1194 4160 1359 4217 sinon
1387 4160 1445 4219 la
1482 4158 1635 4217 main
1664 4158 1922 4237 garnie).
1965 4184 1991 4208 n
2016 4162 2102 4216 De
2128 4157 2185 4215 la
2219 4159 2274 4217 la
2298 4157 2600 4217 mainmise
2636 4176 2737 4216 sur
2775 4171 2900 4217 tout
2937 4158 3069 4218 bien

938 4246 1187 4335 d'lssglise
1218 4259 1354 4316 dont
1388 4260 1469 4316 les
1496 4259 1663 4335 juges
1692 4259 1912 4334 la'iques
1944 4258 2322 4317 contestantem
2351 4259 2406 4316 la
2439 4258 2696 4338 legitime
2721 4258 3065 4336 possession.
