3400 5417
1017 537 1131 593 148
1559 533 2077 592 ms'romAntJM
2118 531 2475 589 Lunovlct
2514 530 2602 586 xl

1015 667 1242 764 parati
1274 663 1638 736 discedere
1661 663 2063 735 dummodo
2097 663 2199 733 eis
2220 661 2325 734 de?
2342 660 2725 758 stipendi0‚
2763 662 2964 758 quod
2988 688 3147 761 pro-

1013 785 1308 856 missum
1339 783 1569 854 filei-at
1589 834 1609 870 ,
1655 782 2071 854 solveretur.
2122 783 2211 850 Et
2246 780 2665 876 quanquam
2703 798 2949 851 revera
3000 803 3144 851 non

1013 926 1149 998 pro
1190 900 1470 970 civitate
1495 955 1514 992 ,
1567 898 1691 970 sed
1738 899 1976 997 potius
2015 909 2300 984 contra,
2362 920 2405 966 a
2448 891 2771 992 tyrannis
2799 897 3019 970 acciti
3062 896 3147 968 ad

1013 1016 1368 1087 civitatem
1404 1013 1955 1111 opprimendam
1984 1012 2426 1098 militassent,
2465 1009 2883 1081 voluerunt¹
2908 1025 3147 1082 tamen

1013 1131 1204 1202 cives
1251 1130 1549 1228 optimi,
1602 1127 1695 1200 ad
1741 1153 1923 1225 quos
1964 1128 2279 1224 regimen
2323 1139 2397 1196 et
2436 1124 2840 1197 moderatio
2884 1126 2992 1198 rei
3024 1152 3149 1224 pu·

1011 1243 1214 1316 blicae
1253 1244 1552 1316 civitatis
1592 1243 1686 1315 ab
1724 1242 1963 1341 impiis
2005 1255 2077 1312 et
2118 1239 2381 1336 iniquis
2417 1240 2757 1312 translata
2799 1254 3047 1328 erant,
3078 1253 3150 1309 nt

1010 1362 1099 1432 de
1137 1360 1494 1458 stipendio
1537 1373 1798 1431 statuto
1846 1383 1980 1456 pro
2015 1372 2337 1456 tempore
2388 1381 2536 1453 quo
2577 1357 3010 1446 servierant,
3054 1358 3148 1427 eis

1008 1470 1238 1570 probe
1279 1487 1350 1542 et
1391 1471 1709 1565 legaliter
1743 1470 2159 1541 solveretur.
2203 1469 2590 1540 Pulchrum
2631 1461 2873 1541 autem
2900 1469 3149 1564 jucnn-

1009 1589 1327 1684 dumque
1374 1601 1525 1658 erat
1585 1586 1827 1659 videre
1876 1587 2064 1658 cives
2092 1642 2111 1679 ,
2170 1587 2296 1682 qui
2352 1586 2556 1657 initio
2620 1584 2997 1657 seditionis
3046 1586 3146 1657 vel

1009 1721 1282 1804 postea,
1321 1705 1602 1775 civitate
1645 1718 1717 1775 et
1771 1703 2043 1775 laribus
2098 1702 2358 1774 relictis
2396 1702 2704 1800 propriis
2728 1713 2767 1793 ,'
2796 1702 3151 1800 pontificis

1009 1837 1244 1918 partes
1282 1821 1504 1891 secuti
1538 1819 1859 1908 fuerant,
1911 1819 2004 1890 ad
2050 1818 2347 1916 propria
2384 1831 2861 1911 revertentes,
2912 1818 3010 1890 de
3054 1819 3148 1889 vi-

1007 1937 1187 2008 cinis
1236 1960 1527 2032 quoque
1584 1935 1869 2033 oppidis
1931 1935 2219 2030 navigio
2278 1948 2348 2004 et
2391 1934 2721 2007 curribus
2782 1958 3148 2006 annonam

1006 2053 1320 2148 aliasque
1355 2078 1625 2123 merces
1659 2053 1753 2124 ad
1787 2053 2145 2124 civitatem
2180 2051 2464 2123 advehi.
2514 2052 2621 2124 Ad
2659 2077 2879 2148 quarn
2911 2068 2991 2124 et
3022 2056 3153 2126 avi·

1006 2168 1167 2240 dius
1229 2168 1526 2265 quidam
1584 2167 2109 2258 adventabant,
2174 2167 2372 2264 quod
2449 2193 2581 2267 per
2624 2187 2861 2241 annos
2928 2196 3150 2268 prope

1006 2285 1192 2356 duos
1249 2309 1410 2354 eam
1453 2309 1586 2355 nec
1632 2283 1916 2376 videre,
1972 2308 2105 2354 nec
2156 2284 2479 2378 ingredi,
2545 2299 2841 2383 propter
2886 2285 3153 2356 hostili-

1009 2415 1224 2471 tatem
1249 2452 1267 2488 ,
1301 2413 1729 2496 potuerant3
1771 2399 1868 2471 ita
1911 2414 1988 2469 ut
2031 2399 2279 2496 plateae
2326 2399 2627 2471 civitatis
2673 2425 2871 2496 quae,
2918 2417 3153 2498 tyran·

1007 2514 1174 2586 nide
1225 2515 1594 2602 saeviente,
1644 2531 1957 2586 vacuatae
2002 2513 2316 2603 civibus,
2369 2539 2502 2586 nec
2545 2517 2683 2586 nisi
2723 2540 2766 2587 a
2804 2517 3145 2606 rutheri5‚

1007 2629 1392 2727 desperatis
1427 2629 1885 2725 garcionibus
1912 2644 2150 2726 atque,
2182 2645 2263 2700 ut
2286 2631 2657 2702 Teutonici
2680 2635 2702 2669 ²
2738 2634 3015 2728 vulgari
3055 2635 3152 2704 di-

1009 2746 1237 2816 cimus
1267 2801 1284 2836 ,
1331 2743 1765 2815 husonibus³
1798 2745 2285 2836 calcabantur,
2323 2747 2469 2842 jam
2515 2747 2837 2819 honestis
2880 2749 3150 2821 civibus

1009 2875 1080 2931 et
1109 2858 1626 2931 mercatoribus
1666 2876 2127 2932 cernerentur
2155 2863 2485 2960 impletae.

1110 2973 1378 3045 Habuit
1423 2989 1663 3046 autem
1719 2977 1867 3073 ipse
1918 2979 2077 3074 pius
2118 2979 2434 3075 pontifex
2472 2979 2693 3050 verba
2733 2977 2824 3050 de
2867 3004 3045 3078 pace
3088 2995 3149 3050 et

1014 3091 1592 3162 reconciliatione
1645 3093 1918 3163 domini
1970 3093 2060 3163 de
2115 3099 2508 3193 Montsort‚
2556 3121 2779 3191 quem
2832 3097 3149 3168 clausum

1013 3209 1089 3278 in
1119 3232 1264 3279 una
1298 3233 1580 3280 camera
1616 3210 1724 3279 sui
1761 3211 1999 3306 palatii
2036 3212 2484 3283 custodiebat
2518 3215 2687 3284 satis
2712 3214 3143 3298 humaniter,

1014 3351 1182 3398 eum
1227 3326 1487 3397 faciens
1524 3331 1894 3426 vprocurari
1940 3345 2011 3398 ct
2043 3329 2421 3401 detractari
2446 3333 2489 3401 ⁸.
2549 3337 2633 3403 Et
2665 3333 3149 3404 consentiebat

1017 3443 1208 3514 idern
1244 3443 1581 3514 <lominus
1619 3443 1710 3513 de
1746 3448 2097 3541 sllontforc
2145 3462 2224 3517 ut
2258 3462 2569 3517 castrum
2617 3463 2687 3518 et
2726 3448 3147 3546 oppidulum

1015 3583 1225 3628 suum
1253 3557 1344 3627 ad
1374 3583 1672 3629 manum
1701 3583 1905 3629 suam
1939 3561 2482 3653 contraderent,
2527 3562 2790 3658 quibus
2825 3564 2965 3634 loci
3004 3589 3152 3634 cus·

1019 3674 1213 3745 todia
1273 3699 1314 3745 a
1367 3701 1438 3744 se
1493 3676 1721 3746 fuerat
1768 3678 2169 3748 commissa.
2232 3679 2597 3774 Hujusque
2661 3681 2763 3750 rei
2820 3705 3148 3750 consum-

1019 3793 1293 3864 mandae
1355 3795 1620 3888 gratia,
1690 3795 1837 3891 ipse
1898 3796 2216 3891 pontifex
2280 3811 2349 3865 et
2408 3796 2788 3888 dominus,
2861 3799 3151 3894 stipatus

1140 4043 1155 4057 .
1201 4005 1295 4056 Sic
1325 3999 1622 4056 Matthaeus
1650 4023 1665 4068 ;
1697 4004 1996 4055 voluissent
2023 4001 2164 4058 dans
2197 4003 2247 4058 lc
2277 4022 2385 4060 ms.

1141 4136 1155 4150 .
1203 4091 1501 4149 Mauhaeus
1535 4101 1835 4149 teutonica.

1146 4231 1155 4240 .
1203 4189 1381 4260 ΒΜΓ,
1409 4207 1480 4241 cn
1518 4187 1835 4245 hollandais
1858 4235 1872 4259 ,
1906 4189 2125 4266 signilie
2158 4211 2232 4248 un
2262 4190 2504 4266 coquin,
2540 4210 2615 4247 un
2647 4190 2926 4269 pendani.

1142 4319 1156 4335 .
1205 4280 1396 4336 Plutet
1423 4279 1559 4335 bene
1589 4289 1842 4340 tractari.

1095 4003 1130 4148 16*

1098 4191 1132 4336 uhu
