3400 5417
1180 526 1398 583 mut
1459 526 1765 584 SEXTUS.
2454 531 2480 585 ¹
2494 529 2529 585 3

403 674 616 757 atque
647 659 972 733 officiarii
1006 660 1156 749 sui,
1209 683 1483 756 suoque
1517 659 1905 731 assidentes
1937 660 2176 750 lateri,
2217 674 2288 729 et
2314 661 2531 731 veluti

403 777 830 876 principales
877 776 1137 849 domus
1191 802 1368 864 suae,
1419 775 1555 847 sibi
1613 775 1991 848 familiares
2046 777 2525 875 exsisterent),

402 893 545 963 hoc
573 908 814 965 tamen
842 892 1136 964 minime
1168 893 1546 989 impetrare
1572 893 1832 990 potuit,
1862 902 2142 963 tantum
2165 893 2258 964 ad
2281 918 2532 966 eorum

400 1008 880 1105 perditionem
916 1008 1389 1079 multitudinis
1420 1008 1644 1080 animi
1679 1007 2115 1080 ferebantur.

499 1128 769 1196 Contra
796 1148 920 1197 eos
945 1125 1185 1219 igitur,
1209 1145 1457 1195 coram
1482 1124 1837 1222 praedictis
1864 1125 2112 1223 oppidi
2136 1124 2535 1197 Gandensis

401 1239 930 1336 magistratibus
979 1256 1191 1338 atque
1244 1240 1582 1334 delegatis
1642 1264 1685 1312 a
1733 1241 1943 1311 variis
1990 1254 2140 1311 tum
2201 1241 2485 1338 oppidis
2508 1297 2528 1332 ,

401 1370 558 1427 tum
587 1357 878 1454 privatis
903 1352 1346 1427 diversorum
1371 1371 1680 1427 statuum
1712 1370 1781 1427 et
1804 1356 2155 1451 graduum
2181 1358 2533 1454 personiS,

397 1487 619 1569 prout
656 1479 1244 1567 unumquemque
1291 1472 1579 1543 ultionis
1611 1471 1703 1543 de
1737 1472 1903 1569 ipsis
1945 1472 2307 1569 capiendae
2337 1474 2537 1570 cupi-

400 1585 586 1659 ditas
609 1642 628 1679 ,
692 1588 804 1658 vel
856 1601 1159 1684 acceptae
1219 1585 1310 1658 ab
1365 1589 1464 1658 eis
1511 1587 1784 1681 injuriae
1829 1588 2229 1659 recordatio
2289 1613 2535 1687 perur-

400 1701 653 1796 gebat,
705 1702 796 1774 de
844 1701 1138 1773 diversis
1193 1702 1420 1772 causis
1470 1716 1542 1771 et
1588 1701 1916 1798 capitulis
1972 1703 2265 1797 quaestio
2314 1703 2534 1775 habe-

399 1818 638 1891 batur.
706 1821 934 1918 Super
986 1816 1248 1913 quibus
1293 1841 1458 1887 cum
1518 1816 1642 1887 diu
1689 1818 1897 1909 satis,
1954 1819 2048 1891 ad
2089 1820 2537 1893 instruendas

399 1935 984 2006 criminationum
1038 1958 1320 2026 causaS,
1382 1935 1594 2004 etiam
1653 1958 1879 2031 usque
1923 1934 2015 2005 ad
2073 1937 2533 2030 quaestionem

399 2052 490 2123 de
543 2051 716 2149 ipsis
777 2065 1179 2147 acceptam,
1246 2075 1619 2148 processus
1682 2049 2033 2121 deductus
2098 2053 2536 2149 agitatusque

400 2168 645 2239 fuisset
670 2220 690 2255 ,
729 2166 1299 2263 ducerenturque
1355 2163 1640 2264 publice
1697 2162 1788 2235 de
1842 2166 2078 2237 multis
2120 2168 2537 2241 criminibus

398 2284 564 2355 satis
603 2282 1022 2355 enormibus
1068 2285 1142 2353 in
1178 2284 1336 2378 jure
1388 2282 1690 2354 confessi
1743 2296 1813 2353 et
1856 2284 2201 2374 convicti,
2246 2286 2535 2357 tandem

397 2400 779 2496 capitalem
811 2400 1232 2469 sententiam
1266 2412 1696 2496 acceperunt
1728 2402 1770 2467 ¹.

497 2518 586 2583 Et
623 2514 949 2609 quamvis
977 2538 1020 2584 a
1052 2513 1345 2583 diversis
1387 2511 1594 2583 valde
1637 2512 2048 2584 differenter
2090 2514 2181 2587 de
2214 2516 2536 2612 capitulis

397 2627 785 2699 criminum
812 2683 831 2720 ,
881 2653 1014 2725 pro
1056 2627 1320 2725 quibus
1375 2628 1726 2725 supplicio
1771 2628 2156 2723 adjudicati
2206 2630 2529 2725 suerunt,

398 2743 806 2835 referretur,
869 2743 1036 2815 talia
1087 2758 1324 2813 tamen
1354 2798 1372 2833 ,
1435 2744 1619 2813 inter
1668 2743 1937 2835 multa,
1986 2746 2205 2815 retexi
2264 2770 2307 2816 a
2368 2748 2536 2819 viris

397 2858 874 2955 prudentibus
905 2856 1308 2929 audivimus
1329 2913 1346 2948 ,
1384 2881 1542 2952 quae
1588 2858 1777 2952 leges
1809 2883 2121 2930 romanae
2152 2876 2536 2932 sanxerunt

401 2975 657 3049 ultimo
704 2975 1054 3072 supplicio
1108 2973 1474 3071 punienda
1513 3001 1527 3043 :
1574 2998 1990 3072 quanquam
2040 2976 2534 3072 hujuscemodi

398 3090 744 3187 pleraque
785 3091 950 3162 talia
994 3105 1233 3181 erant,
1287 3116 1488 3185 quae,
1548 3091 1731 3161 duce
1776 3093 2034 3163 Carolo
2090 3095 2484 3191 imperante
2511 3153 2529 3186 ,

399 3209 700 3279 minime
731 3232 864 3305 pro
895 3209 1193 3279 crimine
1230 3206 1703 3278 ducebantur.
1748 3210 1954 3304 Atqui
1987 3210 2308 3306 profecto
2337 3269 2355 3303 ,
2407 3214 2534 3284 etsi

397 3323 487 3393 de
517 3324 846 3422 pluribus
877 3324 1468 3396 concussionibus
1494 3340 1565 3395 et
1598 3325 2179 3422 corruptionibus
2207 3330 2306 3398 rei
2341 3344 2534 3399 tene-

399 3455 675 3533 rentur,
717 3466 800 3513 ea
841 3455 1076 3512 tamen
1129 3442 1494 3537 potissima
1541 3444 1700 3512 neci
1754 3457 1822 3512 et
1860 3442 2208 3539 supplicio
2252 3444 2535 3538 adjudi-

397 3557 616 3628 candi
659 3556 867 3629 fuisse
909 3582 952 3628 a
1001 3555 1583 3653 prudentioribus
1615 3582 1831 3629 causa
1869 3555 2278 3654 putabatur,
2317 3585 2535 3655 quare

397 3696 525 3743 eos
576 3672 670 3743 de
719 3673 957 3744 medio
1005 3673 1262 3744 auferri
1324 3674 1707 3743 multitudo
1764 3675 2115 3771 praecipue
2162 3676 2537 3748 affectabat

397 3789 631 3885 quod,
671 3789 762 3860 de
798 3789 1251 3861 conciliando
1286 3814 1451 3859 cum
1487 3814 1648 3883 rege
1682 3815 1959 3888 pacem,
1991 3806 2060 3861 et
2089 3793 2536 3889 copulando’

399 3931 608 3977 suam
649 3907 1143 4004 principissam
1194 3906 1652 3977 matrimonio
1696 3932 1862 3976 cum
1903 3907 2050 3976 filio
2100 3908 2287 4002 ejuS,
2326 3909 2534 3979 affec-

401 4023 677 4093 tionem
706 4047 945 4117 gerere
981 4022 1447 4093 aestimabant.

483 4183 542 4239 1.
593 4182 849 4255 Lejeudi
875 4183 1052 4255 saint,
1087 4188 1120 4240 3
1153 4182 1295 4239 avril
1329 4186 1502 4239 1477.

487 4280 546 4334 Ξ.
599 4280 987 4352 Copulandam
1013 4277 1154 4333 dans
1183 4278 1234 4333 le
1267 4297 1370 4334 nus.
