3400 5417
854 440 923 492 74
1394 438 1904 493 HISTORIARUM
1941 439 2036 493 LU
2045 439 2296 494 DOVICI
2341 440 2424 494 XI

847 569 1131 639 fratrem
1161 568 1496 639 adversus
1536 568 1854 657 fratrem,
1897 582 1967 637 et
1998 592 2291 638 uxorem
2328 584 2580 640 contra
2608 572 2961 661 maritum,

848 684 1019 755 odio
1089 684 1592 781 partialitatum
1669 683 2161 775 inardescere;
2229 698 2300 754 et
2362 685 2970 779 quemadmodum

845 825 974 897 per
1053 799 1263 871 urbes
1333 799 1544 870 ltaliae
1619 798 1993 896 quondam
2061 797 2454 870 efferbuere
2522 802 2974 898 partialitates

846 915 1266 985 Ghelforum
1336 929 1405 984 et
1464 914 2040 986 Ghibellinorum
2113 915 2444 1011 (quarum
2513 914 2840 987 nondum
2902 918 2972 987 in

846 1033 1199 1130 plerisque
1249 1030 1425 1101 locis
1477 1032 1777 1101 omnino
1832 1032 2104 1102 radices
2149 1032 2387 1102 adhuc
2435 1034 2691 1104 evquae
2742 1036 2964 1125 sunt),

846 1149 943 1219 ita
985 1162 1056 1217 et
1091 1148 1162 1216 in
1200 1147 1310 1217 his
1351 1148 1551 1217 terris
1579 1147 1970 1218 Hollandiae
2003 1162 2072 1216 et
2111 1147 2664 1242 Trajectensium
2697 1173 2781 1219 ac
2818 1148 2975 1219 fini-

847 1263 1077 1348 timis,
1144 1287 1216 1331 se
1283 1260 1464 1332 odiis
1532 1286 1615 1334 ac
1679 1263 1884 1333 sectis
1948 1263 2457 1360 partialitatum
2507 1264 2981 1360 insequuntur

848 1377 1080 1448 Hoeclc
1125 1390 1193 1449 et
1227 1376 1601 1473 Kabeljau,
1641 1376 1785 1448 hoc
1819 1392 1923 1449 est
1972 1383 2238 1449 Hamus
2285 1394 2355 1449 et
2398 1380 2679 1451 Piscis·¹.

943 1500 1115 1583 Quae
1151 1520 1319 1565 cum
1358 1495 1536 1564 citra
1584 1518 1815 1565 annos
1861 1494 2242 1583 ducen105‚
2295 1509 2372 1564 ut
2421 1496 2660 1585 aiunt,
2719 1512 2980 1571 exortae

846 1627 1048 1701 sunt,
1112 1625 1178 1681 et
1244 1610 1785 1707 quodammodo
1862 1611 2104 1707 sopitae
2178 1612 2696 1709 detorpuerunt
2768 1630 2982 1712 atque

846 1726 1309 1814 delituerunt,
1350 1724 1864 1823 imperantibus
1898 1726 2185 1796 illustris
2218 1728 2577 1798 memoriae
2611 1728 2974 1827 Philippo,

847 1857 1080 1938 patre,
1124 1858 1195 1912 et
1230 1843 1489 1912 Carolo
1516 1895 1533 1930 ‚
1576 1842 1728 1937 ejus
1779 1840 1962 1932 filio,
2003 1844 2590 1937 Burgundionum
2636 1843 2976 1937 ducibus,

846 1957 967 2051 qui
1022 1980 1138 2028 eas
1189 1959 1262 2027 in
1307 1972 1630 2054 apertum
1669 1981 2044 2053 erumpere
2083 1972 2276 2028 metu
2314 1984 2690 2055 poenarum
2735 1960 2982 2057 prohi-

845 2073 1154 2165 bebant,
1192 2074 1427 2144 statim
1473 2088 1750 2163 tamen,
1792 2073 1981 2143 velut
2013 2072 2104 2143 ab
2139 2072 2380 2143 inseris
2420 2074 2751 2145 redivivae
2774 2131 2793 2166 ,
2834 2101 2984 2147 sese

847 2190 1279 2279 attollenteS,
1338 2205 1623 2259 mortuo
1670 2188 1928 2259 Carolo
1981 2188 2201 2278 duce,
2252 2214 2291 2257 e
2342 2189 2632 2261 latebris
2673 2192 2984 2262 emicue-

847 2319 1011 2375 runt
1046 2321 1257 2400 atque
1286 2307 1523 2403 palam
1550 2305 1993 2401 prodierunt.
2039 2308 2154 2376 Sic
2196 2322 2266 2377 et
2316 2309 2386 2377 in
2432 2307 2700 2399 Gallia,
2742 2324 2984 2381 nostra

846 2436 1081 2507 aetate,
1128 2445 1277 2491 sese
1328 2421 1734 2514 gravissime
1777 2435 1844 2490 et
1885 2422 2054 2491 odio
2087 2420 2518 2518 implacabili
2549 2448 2986 2520 prosequen-

848 2552 949 2606 tes
986 2537 1180 2606 suere
1229 2534 1772 2629 Burgundiones
1823 2551 1892 2605 et
1943 2539 2060 2631 qui
2104 2538 2478 2609 Arminiaci
2523 2537 2975 2609 dicebantur.

846 2659 1019 2739 Quae
1049 2669 1285 2725 tamen
1321 2654 1625 2724 infausta
1660 2652 1875 2723 factio
1899 2656 1918 2689 ²
1941 2710 1960 2745 ‚
1996 2680 2154 2749 qua:
2183 2656 2421 2725 multis
2451 2654 2727 2726 civibus
2769 2670 2982 2751 atque

846 2770 1161 2867 populiS‚
1198 2770 1383 2869 proh
1414 2768 1653 2839 dolor!
1692 2770 1906 2840 exitio
1937 2770 2063 2840 fuit
2091 2796 2218 2866 per
2247 2795 2476 2841 annos
2504 2772 2782 2841 circiter
2807 2798 2983 2867 qua-

848 2886 1207 2979 draginta,
1265 2885 1718 2955 miseratione
1769 2886 2009 2955 divina
2059 2886 2378 2957 obsoleta
2429 2903 2532 2957 est.
2574 2902 2644 2956 et
2700 2890 2982 2984 penitus

847 3003 1210 3073 exstincta.
1256 3007 1353 3071 Ea
1386 3026 1591 3092 verO,
1639 3028 1794 3098 quae
1840 3002 2366 3072 Hoeckensium
2411 3018 2477 3072 et
2515 3003 2980 3074 Cabeliaven-

848 3121 1028 3191 sium
1084 3120 1451 3190 inimicitia
1515 3134 1727 3215 atque
1776 3118 2158 3215 partialitas
2211 3118 2423 3212 vulgo
2480 3136 2974 3218 nuncupatur,

932 3359 985 3410 1.
1039 3378 1063 3403 ct
1090 3354 1131 3409 11
1174 3354 1316 3427 lnyst
1360 3352 1582 3408 scavoir
1617 3372 1729 3427 que
1767 3356 1827 3406 es
1867 3351 2074 3426 parties
2112 3350 2182 3406 de
2219 3351 2532 3420 Hollande,
2571 3352 2642 3408 de
2679 3353 2981 3431 tres-longs

848 3467 947 3503 ans
976 3468 1007 3502 a
1038 3467 1217 3503 cnuru
1247 3460 1299 3501 et
1332 3447 1507 3521 regne
1535 3464 1648 3501 une
1678 3443 1923 3501 division
1953 3443 2050 3498 des
2081 3444 2313 3521 parties,
2348 3444 2488 3500 dont
2515 3446 2631 3501 l'un
2663 3465 2724 3502 se
2751 3466 2982 3502 nomme

847 3562 947 3595 nuc
972 3554 1025 3597 et
1066 3541 1288 3597 l'aultre
1317 3538 1599 3607 rabe'llan3
1639 3538 1781 3593 dont
1815 3538 1868 3592 le
1895 3557 2029 3593 nom
2061 3539 2131 3593 d(-
2161 3537 2317 3614 l'ung
2354 3538 2574 3614 Slgnifie
2605 3559 2722 3615 ung
2752 3540 2981 3614 pnizson

849 3634 944 3711 qui
972 3654 1007 3691 a
1037 3652 1152 3709 ung
1178 3645 1343 3709 grant
1369 3632 1772 3708 engoulement
1801 3652 1856 3687 e‘.
1887 3632 2074 3708 large-3
2098 3644 2154 3687 et
2179 3632 2400 3687 i'aultre
2425 3632 2643 3708 signissc
2666 3653 2784 3709 ung
2813 3633 2979 3706 engin

849 3728 919 3782 dc
949 3729 1031 3784 ser
1067 3726 1281 3783 cruchu
1318 3738 1371 3779 ct
1412 3727 1664 3802 tres-agn
1707 3745 1809 3801 par
1844 3725 2028 3801 lequel
2073 3726 2110 3781 il
2154 3745 2212 3781 se
2254 3726 2436 3801 prend
2477 3738 2533 3782 et
2570 3726 2872 3802 estrangie.
2915 3730 2985 3782 Et

852 3834 985 3898 peut
1016 3834 1161 3877 estre
1191 3820 1360 3893 qu'ilz
1386 3838 1421 3891 y
1458 3831 1554 3873 ont
1598 3818 1809 3875 auicun
1841 3818 2240 3874 cntendement
2271 3818 2341 3874 de
2375 3818 2601 3873 mistere
2632 3838 2700 3874 en
2733 3838 2896 3892 cet-y..
2930 3831 2984 3874 et

850 3930 929 3971 νει
970 3914 1101 3970 bien
1144 3911 1602 3981 vraiscmblable,
1636 3932 1860 3968 comme
1891 3913 1933 3966 >i
1975 3932 2046 3966 on
2079 3911 2318 3967 mulnist
2360 3912 2481 3967 dire
2511 3932 2624 3988 que
2653 3912 2809 3985 l'ung
2841 3932 2978 3967 con-

852 4009 983 4067 tend
1013 4012 1042 4064 ἐι
1076 4021 1195 4064 tout
1224 4008 1517 4084 engoulcr,
1552 4020 1604 4062 et
1636 4008 1861 4063 Paulli-e
1887 4011 1917 4063 ῖι
1948 4007 2084 4062 faire
2114 4007 2427 4085 estrangler
2450 4008 2530 4063 les
2559 4006 2928 4085 engouleurS.
2951 4032 2977 4057 ν

851 4100 1189 4158 Chastellain
1211 4144 1223 4167 ‚
1260 4101 1575 4172 Clzroniqm·
1609 4103 1682 4153 dte
1717 4104 1823 4154 duc
1853 4102 2142 4174 philippe,
2175 4100 2267 4155 ch.
2305 4120 2469 4154 mnu.

932 4199 986 4249 2.
1036 4201 1213 4251 Sectis>
1246 4194 1384 4249 (lans
1417 4194 1469 4248 le
1506 4214 1608 4247 ms.

3208 5204 3294 5379 k„
