3400 5417
1142 529 1360 589 LIBER
1422 528 1726 587 SEXTUS.
2418 530 2492 585 ¹5

463 664 576 735 Eis
634 665 849 759 igitur
901 635 1135 761 capite
1193 662 1414 761 plexis
1439 717 1458 755 ,
1521 660 2018 757 hujuscemodi
2082 662 2241 733 vitoe
2282 661 2495 759 hujus

365 780 774 878 temporalis
805 802 889 851 ac
925 778 1343 853 transitoriae
1384 774 1544 847 finis
1580 776 1735 848 fuit.

1107 1065 1363 1133 CAPIT
1371 1064 1621 1133 ULUM
1669 1064 1759 1131 V.

363 1253 438 1304 De
461 1250 602 1304 duee
625 1251 884 1317 cummi,
910 1249 1044 1320 quid
1067 1248 1314 1303 Gandavi
1345 1264 1558 1321 aget-eu
1601 1263 1654 1303 et
1687 1250 1761 1303 de
1785 1250 2047 1322 legatione
2070 1251 2207 1322 regit
2236 1251 2305 1305 ad
2336 1254 2491 1325 prin-

429 1335 700 1408 cipissam,
728 1348 779 1388 et
798 1335 898 1387 alia
921 1335 1185 1406 legatione
1208 1334 1364 1387 missa
1392 1333 1571 1387 denuo
1602 1354 1667 1387 ex
1691 1348 1842 1405 parte
1858 1335 2182 1407 principissa
2200 1349 2250 1388 et
2276 1354 2496 1389 suorum

427 1418 496 1473 ad
529 1438 732 1491 regem.

453 1608 600 1679 Sed
654 1632 788 1679 nec
849 1621 1230 1705 propterea
1287 1620 1651 1679 cessarunt
1714 1608 2097 1681 seditiones
2151 1624 2222 1682 et
2269 1610 2494 1684 turbae

361 1723 554 1821 apud
604 1722 1052 1813 Gaudense3‚
1103 1747 1352 1794 verum
1409 1723 1799 1797 nonnullos
1860 1750 1947 1795 ex
1996 1727 2494 1822 praestantiori-

360 1840 493 1912 bus
518 1840 801 1913 civibus
823 1841 986 1917 ‚suis
1029 1864 1310 1911 carcere
1343 1841 1678 1933 reclus05,
1713 1841 1910 1913 velut
1937 1842 2494 1939 repetundarum

361 1981 542 2048 moa,
579 1959 810 2055 capite
839 1958 1056 2028 etiam
1082 1958 1530 2054 punierunt¹.
1567 1962 1711 2029 Nec
1746 1959 1947 2030 facile
1973 1960 2221 2057 oppidi
2253 1977 2493 2058 portas

360 2072 603 2167 egredi
623 2129 643 2165 ,
708 2097 837 2170 per
895 2073 1136 2171 plures
1196 2074 1346 2143 dies
1369 2130 1388 2165 ‚
1457 2074 1796 2168 cuiquam
1855 2074 2114 2146 licebat
2137 2132 2156 2168 ‚
2226 2076 2491 2174 absque

361 2190 649 2263 licentia
679 2203 964 2261 armatae
996 2188 1223 2286 plebis
1251 2245 1271 2282 ,
1313 2214 1471 2285 quae
1515 2188 1753 2260 forum
1789 2188 2217 2263 observabat
2248 2206 2316 2263 et
2351 2194 2493 2263 illic

360 2304 785 2377 excubabat.
831 2305 1039 2376 Unde
1082 2330 1248 2376 cum
1279 2362 1298 2397 ,
1338 2305 1656 2402 quodam
1695 2305 1852 2397 die,
1892 2308 2269 2406 episcopus
2317 2313 2490 2381 Leo-

361 2418 625 2490 diensis
646 2475 665 2512 ,
716 2421 840 2515 qui
873 2419 1267 2491 avunculus
1300 2435 1450 2490 erat
1483 2421 1972 2518 principissae',
2006 2420 2096 2492 ad
2141 2446 2268 2494 sua
2301 2423 2488 2494 redi·

363 2549 555 2607 turus
594 2551 842 2634 portas
873 2538 1063 2607 exire
1121 2536 1521 2607 tentavisset
1553 2593 1571 2627 ,
1625 2550 1873 2632 negata
1908 2535 2043 2607 sibi
2081 2538 2489 2633 egrediendi

364 2650 720 2741 facultate,
756 2650 847 2722 ad
872 2650 1265 2747 hospitium
1299 2675 1510 2722 suum
1535 2652 1788 2723 reverti
1822 2652 2232 2749 compulsus
2258 2669 2384 2724 est.

457 2772 622 2840 Erat
653 2784 726 2838 et
756 2767 898 2838 illic
930 2768 1003 2836 in
1039 2765 1313 2865 oppido
1340 2767 1483 2838 dux
1517 2769 1881 2863 ClivensiS‚
1912 2772 2034 2867 qui
2059 2773 2488 2868 principissae

363 2898 855 2975 materteram,
897 2882 1100 2953 ducis
1134 2881 1477 2954 Borbonii
1524 2898 1596 2955 et
1630 2884 1801 2956 dicti
1856 2886 2263 2959 Leodiensis
2312 2886 2491 2986 [epi-

363 3002 582 3101 scopi]
619 3002 916 3073 alteram
946 3024 1306 3091 sororem,
1349 3003 1420 3072 in
1465 3005 1803 3100 conjugio
1845 3004 2193 3078 habuerat
2217 3011 2261 3077 ³.
2300 3012 2483 3101 Qui,

439 3254 495 3308 1.
541 3250 820 3308 L’auteur
841 3261 978 3305 veut
1011 3248 1199 3324 parler
1228 3248 1327 3305 des
1349 3250 1581 3307 anciens
1609 3251 1895 3309 membres
1923 3252 1994 3310 de
2021 3255 2075 3311 la
2105 3255 2181 3311 loi
2205 3255 2277 3313 de
2296 3257 2486 3329 Gand‚

363 3343 457 3419 qui
485 3344 720 3401 avaient
752 3342 946 3399 donne
975 3343 1056 3399 les
1105 3343 1286 3398 mains
1315 3346 1346 3398 ἐι
1379 3344 1431 3399 la
1476 3345 1730 3402 reaction
1766 3345 1841 3402 du
1882 3346 2127 3424 pouvoir
2168 3348 2335 3406 ducal
2374 3350 2489 3407 lors

363 3435 431 3495 de
471 3437 864 3495 l’avenement
899 3435 970 3493 de
1011 3435 1243 3493 Charles
1295 3436 1348 3492 le
1385 3437 1727 3495 Temeraire.
1781 3439 1856 3495 ns
1892 3441 2083 3497 [urent
2114 3443 2381 3500 executes
2416 3463 2489 3501 au

362 3527 600 3587 nombre
649 3529 724 3586 de
769 3529 854 3585 six
875 3573 892 3600 ‚
940 3529 1082 3585 mais
1127 3529 1608 3587 antorieurement
1661 3552 1733 3587 au
1782 3533 2037 3609 supplice
2096 3534 2172 3593 du
2229 3538 2493 3615 seigneur

363 3621 852 3680 d‘Humbercourt
881 3636 935 3679 ct
964 3623 1033 3679 de
1062 3624 1387 3682 Guillaumc
1416 3629 1701 3703 Hugonct.

439 3718 496 3771 2.
541 3714 722 3772 Louis
749 3714 820 3771 de
849 3715 1118 3772 Bourbon
1136 3760 1150 3785 ‚
1185 3718 1404 3793 echue
1435 3718 1505 3774 de
1533 3718 1702 3793 Liege
1720 3761 1735 3787 ,
1768 3717 1901 3774 etait
1930 3718 1983 3773 le
2014 3718 2163 3775 frere
2191 3720 2493 3779 d'Isabelle

364 3811 431 3869 de
457 3811 763 3886 Bourbon,
795 3813 951 3869 mere
979 3812 1050 3869 de
1077 3814 1130 3869 la
1159 3813 1453 3870 duchesse.

442 3908 498 3964 3.
544 3909 726 3975 Jean,
756 3904 866 3961 duc
894 3905 966 3961 de
993 3907 1192 3963 Cle-ves
1214 3950 1228 3975 ,
1259 3908 1410 3962 avait
1439 3908 1651 3983 epouse
1681 3926 1797 3963 non
1828 3927 1931 3983 pas
1967 3928 2079 3966 une
2112 3909 2398 3987 princesse
2423 3914 2493 3969 de

364 3996 657 4068 Bourbon,
694 3998 833 4054 mais
865 3997 1104 4055 Isabelle
1132 3999 1202 4055 de
1233 4002 1604 4077 Bourgogne,
1636 4000 1749 4057 fille
1776 4001 1853 4056 du
1880 4002 1990 4059 duc
2018 4002 2090 4059 de
2124 4008 2362 4075 Nevem,
2390 4027 2493 4083 par

363 4093 721 4167 consequent
747 4092 984 4149 cousine
1014 4112 1087 4148 au
1117 4094 1403 4149 troisieme
1431 4091 1603 4171 degre
1634 4094 1705 4151 de
1732 4095 1783 4151 la
1818 4095 2117 4156 duchesse.
2158 4104 2426 4157 L’auteur
2460 4122 2490 4156 a

365 4184 658 4242 consondu
697 4185 768 4241 ici
801 4186 852 4239 le
881 4183 993 4241 duc
1023 4184 1093 4240 de
1128 4185 1328 4241 Cle-ves
1361 4204 1499 4241 avec
1543 4187 1594 4241 l«,-
1628 4187 1737 4242 duc
1780 4187 1851 4243 de
1882 4190 2131 4246 Gueldre
2154 4239 2167 4257 ‚
2209 4194 2304 4267 qui
2341 4194 2491 4249 avait

366 4279 575 4353 cpottse}
607 4278 913 4335 Catllerine
947 4280 1016 4334 dv
1047 4277 1335 4334 Bourbon.
