3400 5417
1041 477 1156 533 244
1874 474 2285 546 nomeu,

1041 608 1166 702 qui
1203 609 1416 678 etiam
1455 609 1705 677 missus
1736 622 1887 678 erat
1918 608 2010 679 ad
2044 608 2423 680 dominum
2464 609 2723 679 ducem-
2746 608 3092 679 Alenconii¹

1037 737 1108 793 et
1169 722 1517 816 quosdam
1581 722 1758 792 alios
1817 721 2156 793 dominos
2211 723 2301 794 de
2360 725 2514 823 ipsa
2559 723 2933 822 provincia.
2986 726 3094 792 Nos

1033 853 1271 908 autem
1305 851 1591 931 rogatos
1625 836 1926 909 faciebat
1957 839 2317 934 quatinuS,
2352 838 2447 910 ad
2488 839 2659 910 dicti
2690 840 2796 909 sui
2822 837 3091 908 desiderii

1031 954 1617 1049 consequendum
1650 953 1981 1024 effectum
1999 1007 2017 1042 ,
2062 978 2312 1051 operas
2337 969 2612 1025 nostras
2642 967 2714 1024 et
2742 952 3093 1046 suffragium

1028 1068 1371 1165 impertiri
1421 1065 1763 1139 vellemus
1784 1123 1801 1158 ,
1867 1084 2126 1140 extunc
2174 1071 2482 1140 retinens
2512 1094 2647 1140 nos
2701 1069 2794 1140 de
2850 1068 3091 1138 consilio

1026 1209 1157 1254 suo
1191 1184 1324 1254 sub
1363 1208 1618 1279 magna
1646 1200 1716 1254 et
1740 1183 2175 1276 honorabili,
2209 1208 2427 1279 quam
2453 1183 2915 1283 pollicebatur
2932 1181 3093 1253 nobis

1023 1323 1097 1369 se
1129 1300 1488 1388 daturum,
1522 1303 1890 1397 pensione.
1930 1304 2233 1397 Recepta
2265 1315 2503 1371 autem
2535 1325 2661 1371 sua
2688 1299 2987 1397 epistola,
3020 1300 3093 1368 uti

1023 1439 1154 1511 par
1185 1429 1336 1485 erat
1357 1471 1374 1504 ,
1415 1439 1582 1484 cum
1617 1415 1813 1484 omni
1848 1416 2241 1486 reverentia
2280 1430 2350 1485 et
2381 1415 2697 1500 honore,
2738 1417 2897 1485 visis
2928 1417 3093 1486 etiam

1020 1529 1604 1600 instructionibus
1637 1554 1815 1623 quas
1846 1531 1995 1626 ipse
2036 1557 2204 1600 suus
2244 1531 2513 1624 legatus
2548 1533 2842 1628 scriptas
2880 1529 3093 1602 desere·

1018 1643 1178 1731 bat,
1219 1645 1426 1714 simul
1463 1660 1534 1714 et
1565 1645 1824 1714 auditis
1870 1661 2081 1741 atque
2124 1646 2492 1718 intellectis
2528 1674 2685 1745 quae
2719 1648 3092 1720 verbotenus

1020 1759 1324 1828 dicenda
1360 1758 1489 1828 sibi
1522 1775 1591 1829 et
1623 1759 1891 1830 credita
1937 1761 2258 1851 fuissent,
2296 1764 2552 1856 gratias
2592 1764 2863 1858 egimus
2888 1763 2970 1835 de
2995 1764 3092 1833 ho·

1018 1898 1194 1943 nore
1245 1899 1460 1969 quem
1512 1874 1725 1945 nobis
1780 1874 2131 1944 facturum
2181 1867 2676 1973 promittebat,
2746 1880 2803 1950 si
2851 1879 2935 1951 ad
2982 1879 3093 1974 ejus

1017 1989 1296 2059 servitia
1345 2005 1418 2060 et
1449 1989 1793 2084 obsequia
1836 1991 2077 2060 venire
2125 2007 2196 2060 et
2251 1991 2622 2084 accedere,
2677 1995 3092 2091 quemadmo-

1017 2104 1192 2174 dum
1251 2105 1632 2176 affectuose
1694 2103 2031 2198 rogabat,
2097 2106 2553 2194 duceremus;
2628 2133 2911 2202 verum,
2968 2135 3093 2181 cum

1013 2220 1210 2314 prius
1245 2218 1335 2288 ab
1375 2221 1650 2315 optimo
1689 2243 1853 2313 rege
1897 2221 2215 2314 genitore
2250 2245 2379 2291 suo
2416 2226 2798 2319 praeventi,
2841 2225 2927 2297 ad
2954 2226 3094 2320 ejus·

1015 2359 1152 2427 que
1209 2335 1413 2404 acciti
1466 2334 1879 2424 consilium,
1946 2335 2244 2406 honesta
2302 2335 2513 2406 nobis
2570 2339 2913 2434 assignata
2961 2365 3093 2437 pen·

1014 2449 1240 2540 sione,
1298 2450 1690 2539 fuissemus,
1731 2452 2259 2521 excusationem
2298 2451 2625 2523 dedimus
2653 2455 2856 2549 quod
2896 2455 3089 2544 nobis,

1016 2567 1260 2635 relicto
1295 2567 1511 2662 patris
1557 2567 1883 2658 servitio,
1927 2567 2059 2636 nisi
2094 2567 2185 2637 al)
2230 2549 2316 2637 eo
2369 2569 2582 2661 jussi,
2635 2570 2727 2641 ad
2764 2598 2958 2643 suum
2990 2573 3094 2642 mi-

1017 2682 1206 2750 nime
1241 2683 1536 2751 transire
1581 2706 1971 2777 possemus.
2036 2687 2189 2752 Hoc
2228 2686 2419 2753 enim
2466 2710 2599 2754 nec
2641 2687 2944 2781 justum,
2998 2714 3095 2758 nec

1015 2793 1398 2861 honestum
1448 2791 1658 2861 nobis
1708 2818 1856 2861 esse
1912 2808 2184 2889 posset,
2250 2795 2373 2863 sed
2422 2809 2491 2864 et
2545 2797 2755 2869 valde
2804 2801 3097 2898 periculo·

1016 2927 1209 2992 sum,
1272 2926 1438 2970 cum
1494 2904 1657 2973 satis
1717 2904 2261 2997 intelligeremus
2320 2909 2683 3001 ingenium
2753 2913 2899 3008 ejus
2954 2913 3095 3010 patri

1019 3018 1169 3087 fore
1203 3033 1646 3113 suspectum,
1708 3045 1839 3089 nec
1886 3021 1976 3090 de
2010 3046 2133 3111 e0,
2186 3045 2399 3115 quem
2446 3023 2538 3094 ad
2572 3051 2799 3100 novas
2847 3055 2948 3100 res
2974 3052 3094 3099 mo·

1015 3133 1287 3203 liendas
1319 3136 1707 3230 proclivem
1765 3162 1911 3204 esse
1956 3136 2288 3208 censebat
2337 3154 2407 3210 et
2435 3145 2941 3238 cognoscebat,
2968 3147 3093 3217 satis

1015 3249 1404 3319 confidere:

1115 3366 1577 3438 Postmodum
1625 3393 1793 3437 vcro
1818 3422 1833 3449 ‚
1886 3395 2050 3439 cum
2090 3371 2182 3442 ab
2236 3399 2383 3445 uno
2425 3377 2657 3447 amico
2691 3378 3095 3450 intellexisse-

1018 3509 1176 3553 mus
1227 3509 1463 3580 regem
1515 3486 2047 3580 inquisitionem
2109 3489 2337 3561 facere
2404 3493 2495 3562 ad
2548 3519 2732 3589 quos
2784 3497 2963 3568 idem
3000 3496 3095 3565 filii

1017 3601 1124 3668 sui
1157 3600 1423 3692 legatus
1476 3603 1546 3670 in
1603 3605 2038 3675 Normannia
2088 3607 2350 3678 litteras
2400 3608 2799 3704 detulisset,
2850 3631 2915 3686 et
2963 3639 3093 3685 cum

1017 3715 1274 3810 quibus
1331 3719 1707 3789 secretiora
1761 3719 2121 3792 habuisset
2162 3725 2556 3820 colloquia,
2617 3731 2952 3826 quodque
2998 3755 3094 3826 per

1016 3833 1402 3901 nonnullos
1436 3834 1524 3902 cle
1568 3835 2025 3929 prinnioribus
2060 3840 2475 3934 provinciae,
2514 3844 2707 3938 apud
2736 3871 2915 3940 quos
2940 3846 3093 3914 idom

1016 3947 1304 4016 nuntius
1343 3949 1598 4038 fuerat,
1634 3952 1892 4021 certior
1932 3954 2152 4023 factus
2207 3955 2428 4026 suerat
2472 3959 2639 4050 quia
2690 3961 2781 4030 ad
2824 3987 2949 4031 nos
2977 3960 3093 4057 epi·

1098 4193 1149 4246 1.
1201 4194 1341 4265 Vuy.
1381 4203 1418 4247 l.
1453 4195 1514 4265 I,
1548 4212 1604 4266 p.
1644 4196 1755 4249 323
