3400 5417
1029 486 1154 543 2⁶0
1892 484 2277 543 APOLOGIA
2298 528 2313 553 ,

1133 616 1350 704 Quod
1397 615 1720 714 profecto
1767 639 1917 688 non
1970 615 2275 688 dicimus
2325 615 2525 713 quod
2560 639 2696 688 nos
2726 615 2957 688 bonos
3010 642 3137 690 esse

1033 733 1146 805 vel
1178 733 1456 804 virtutis
1487 731 1758 828 aliquid
1802 732 1878 803 in
1930 730 2142 804 nobis
2180 717 2513 805 exsistere
2548 747 2958 829 arroganter
2988 757 3141 804 asse-

1034 873 1188 920 rere
1225 847 1706 921 intendamus.
1748 846 1942 920 Absit
1976 846 2121 919 hoc
2161 873 2205 920 a
2258 846 2473 920 nobis
2524 861 2597 919 et
2635 846 2731 920 ab
2776 845 3141 920 humilitate

1030 964 1452 1053 christiana,
1488 987 1656 1034 cum
1694 965 1911 1035 etiam
1944 962 2235 1034 cuidam
2261 961 2703 1035 Salvatorem
2726 964 3143 1036 nostrumin·

1029 1079 1420 1174 terroganti
1472 1092 1545 1150 et
1597 1078 1884 1150 bonum
1928 1078 2295 1171 asserenti,
2342 1077 2436 1156 ab
2494 1078 2757 1152 eodem
2814 1078 3142 1151 Salvatore

1032 1219 1456 1294 responsum
1483 1196 1897 1267 noverimus
1929 1222 1944 1265 ε
1976 1225 2011 1262 α
2043 1195 2237 1284 Quid
2253 1220 2372 1268 me
2395 1196 2787 1293 interrogas
2803 1185 2896 1269 de
2918 1196 3137 1268 bono?

1035 1317 1235 1384 Unus
1261 1327 1365 1383 est
1399 1311 1642 1402 bonus
1674 1317 1893 1384 Deus.
1940 1343 1975 1380 >2
2009 1311 2149 1384 Sed
2201 1312 2800 1410 qualemcumque
2831 1311 2927 1384 de
2966 1312 3142 1385 nobis

1031 1425 1397 1518 habuerit,
1468 1451 1595 1498 seu
1659 1426 1753 1498 de
1810 1429 2106 1520 virtute,
2178 1452 2303 1500 seu
2361 1428 2452 1500 de
2516 1427 3141 1524 quantulacumque

1030 1543 1326 1614 scientia
1349 1543 1462 1613 vel
1495 1543 1961 1638 intelligentia
1995 1543 2537 1615 aestimationem
2565 1543 2680 1614 vel
2707 1543 3139 1642 opinionem,

1035 1657 1384 1728 referente
1424 1658 1578 1728 viro
1614 1659 1892 1756 optimo
1935 1672 2007 1729 et
2037 1657 2481 1749 fidelissimO,
2541 1657 2772 1753 dignae
2815 1661 3143 1730 memoria?

1029 1772 1328 1843 domino
1363 1771 1692 1844 Johanne
1722 1773 2073 1866 Infantis¹,
2104 1771 2346 1869 legum
2374 1773 2671 1846 doctore
2698 1776 2985 1870 egregio
3016 1776 3142 1870 (qui

1029 1888 1160 1959 fuit
1195 1888 1664 1960 cancellarius
1697 1889 1772 1958 in
1807 1888 2013 1960 terris
2047 1888 2251 1962 ducis
2290 1888 2690 1975 Alenconii,
2725 1903 2799 1960 et
2840 1904 2997 1961 tum
3024 1905 3145 1961 erat

1029 2008 1363 2102 magister
1402 2007 1619 2076 etiam
1649 2021 2143 2102 requestarum
2176 2007 2428 2103 regalis
2460 2007 2667 2104 aulae)
2688 2062 2709 2100 ,
2746 2009 3143 2104 agnovimus

1035 2123 1234 2218 quod
1280 2121 1448 2193 talia
1482 2146 1641 2218 quae
1688 2121 1999 2193 diximus
2029 2121 2248 2195 verba
2302 2122 2394 2194 de
2445 2120 2660 2196 nobis
2702 2146 2790 2194 ex
2834 2146 2966 2196 ore
3001 2124 3149 2218 regis

1032 2238 1444 2309 audivisset.
1474 2242 1574 2308 Ex
1601 2262 1749 2335 quo
1770 2250 1959 2308 certe
1982 2237 2134 2334 ejus
2152 2239 2435 2312 animus
2469 2238 2562 2311 ad
2595 2264 2729 2311 nos
2754 2238 3149 2336 indignatio·

1035 2380 1204 2425 nem
1243 2377 1524 2450 semper
1556 2351 1772 2423 nohis
1806 2352 2002 2422 visus
2037 2367 2143 2423 est
2182 2352 2490 2424 tenuisse
2524 2378 2609 2426 ac
2640 2377 2989 2444 servasse3
3024 2379 3152 2425 nos-

1037 2497 1203 2566 que,
1237 2485 1586 2566 tanquam
1623 2470 1771 2540 suis
1803 2469 2099 2540 minime
2133 2468 2635 2542 affectionibus
2670 2486 3147 2556 assentantem,

1039 2588 1346 2658 invisum
1382 2603 1595 2684 atque
1629 2598 2041 2682 suspectum
2078 2583 2437 2656 habuisse.
2486 2589 2722 2673 Quam
2746 2585 3150 2682 indignatio·

1041 2727 1208 2772 nem
1232 2704 1288 2772 si
1311 2728 1442 2799 pro
1469 2703 1588 2772 tali
1614 2699 2048 2770 incurrimus
2080 2722 2318 2790 causa,
2342 2714 2414 2772 et
2440 2702 3012 2798 persecutionem
3030 2725 3151 2773 sus-

1043 2821 1352 2890 tinemus
1373 2872 1392 2908 ,
1426 2821 1748 2912 ingentes
1782 2814 1949 2887 inde
1978 2815 2236 2910 gratias
2264 2817 2518 2890 divinae
2538 2815 2885 2891 debemus
2904 2818 3148 2917 pietati.

1796 3039 2309 3109 CAPITULUM
2359 3042 2446 3108 V.

1130 3245 1301 3299 Aliam
1341 3243 1494 3315 regiae
1527 3241 1911 3313 indignationis
1944 3246 2221 3298 continens
2259 3266 2467 3301 causam
2503 3267 2569 3302 ex
2606 3247 2875 3302 deditione
2906 3263 3089 3303 nostre

1993 3347 2236 3386 civitatis.

1149 3519 1286 3590 Sed
1331 3546 1496 3590 cum
1543 3520 1795 3591 eadem
1831 3520 1923 3590 ad
1963 3519 2474 3616 persecutionis
2506 3518 2969 3590 acerbitatem
3000 3542 3159 3589 non-

1055 3636 1277 3706 dum'
1331 3639 1785 3734 processiset,
1842 3661 1929 3707 ex
1979 3635 2089 3706 his
2139 3649 2326 3706 certe
2376 3660 2533 3730 quae
2570 3635 2948 3707 subsecuta
2982 3647 3154 3714 sunt,

1053 3776 1219 3822 cum
1273 3778 1613 3847 germano
1659 3779 1794 3825 suo
1849 3753 1983 3850 piae
2034 3751 2549 3823 recordationis
2603 3751 2942 3824 ducatum
3010 3756 3160 3821 Nor-

1133 3951 1190 4006 1.
1240 3954 1378 4006 Jean
1425 3951 1666 4006 Lensant
1693 3993 1709 4020 ,
1742 3948 1872 4025 qui,
1909 3958 2083 4004 avant
2110 3946 2182 4004 de
2209 3947 2446 4025 remplir
2484 3948 2567 4006 les
2608 3947 2893 4005 fonctions
2930 3946 3067 4003 dont
3102 3963 3159 4000 va

1053 4043 1240 4118 parler
1281 4046 1557 4112 l'auteur,
1601 4043 1755 4100 avait
1803 4043 1893 4099 ct(-
1938 4039 2230 4120 president
2271 4041 2350 4101 du
2391 4042 2605 4100 conseil
2664 4040 3157 4099 d'administration

1049 4135 1281 4194 institue
1309 4139 1341 4192 a
1369 4140 1570 4194 Rouen
1605 4156 1711 4214 par
1736 4137 1818 4194 los
1847 4137 2101 4214 AnglaiS.

1131 4231 1190 4288 ⁸2.
1237 4231 1460 4286 Nedum
1499 4228 1642 4286 dans
1672 4228 1727 4285 le
1756 4249 1864 4292 ms..
