3400 5417
888 447 1003 520 288
1747 466 2158 537 nomeu,

886 623 1246 692 gassemus
1273 613 1626 696 quatenus
1661 624 1805 669 suae
1841 599 2095 671 liberet
2143 599 2491 695 majestati
2524 598 2734 672 nobis
2764 600 3025 672 horam

881 715 1196 812 aliquam
1241 714 1621 814 praefi-nire,
1677 739 1823 812 qua
1873 716 2203 789 eamdem
2240 714 2453 788 nobis
2502 714 2702 788 adire
2737 715 3019 810 liceret,

882 845 960 900 ut
992 831 1274 928 plenius
1323 830 1769 910 voluntatem
1811 857 2016 906 suam
2067 856 2617 928 agnosceremus
2668 857 2886 931 super
2912 833 3025 904 his

881 972 1039 1043 quae
1066 972 1196 1046 per
1230 973 1365 1020 nos
1393 947 1468 1018 in
1507 949 1710 1020 terris
1742 949 1879 1022 illis
1912 949 2333 1040 Cataloniae,
2367 947 2461 1020 ad
2492 973 2675 1045 quas
2705 973 2845 1020 nos
2870 949 3025 1018 mit-

882 1062 1075 1136 tebat
1090 1120 1110 1157 ‚
1163 1065 1276 1159 agi
1310 1079 1381 1135 et
1420 1066 1791 1163 procurari
1829 1067 2066 1159 vellet,
2106 1089 2481 1160 nunquam
2524 1079 2771 1136 tamen
2814 1088 3025 1162 super

881 1177 1049 1271 hoc,
1091 1178 1290 1274 quod
1323 1179 1792 1252 humanitatis
1824 1204 1949 1252 seu
1991 1178 2446 1277 benignitatis
2490 1178 2899 1276 quidquam
2929 1205 3047 1251 re·-

881 1293 1186 1387 doleret,
1221 1320 1647 1393 responsum
1675 1296 1874 1386 secit3
1905 1298 2031 1369 sed
2054 1297 2167 1368 vel
2196 1297 2403 1368 vultu
2419 1297 2764 1370 aliorsum
2788 1323 3019 1391 verso,

879 1425 1158 1504 tergum
1212 1411 1305 1484 ad
1354 1437 1487 1483 nos
1534 1427 1849 1504 mutanS,
1885 1414 2002 1484 vel
2032 1413 2121 1485 ad
2171 1412 2369 1484 aliud
2402 1414 2859 1511 propositum
2891 1438 3025 1484 ser-

879 1550 1178 1597 monem
1211 1527 1688 1623 detorquenS,
1732 1529 2006 1625 absque
2039 1552 2385 1626 responso
2420 1553 2555 1600 nos
2586 1527 3017 1600 dimittebat.

877 1645 1021 1713 Nec
1057 1657 1209 1714 erat
1243 1643 1498 1737 aliquis
1529 1658 1678 1715 tam
1718 1645 1991 1716 amicus
2016 1700 2035 1737 ,
2068 1645 2195 1741 qui
2219 1669 2354 1742 pro
2392 1644 2605 1717 nobis
2648 1645 2895 1742 ipsum
2926 1644 3025 1714 in-

876 1758 1324 1855 terpellando
1367 1758 1813 1831 intercedere
1846 1785 2061 1830 ausus
2096 1759 2249 1830 ullo
2280 1759 2505 1831 modo
2540 1759 2791 1831 fuisset
2810 1815 2831 1852 ,
2862 1759 3025 1830 licet

875 1875 948 1945 in
983 1876 1135 1970 ejus
1177 1876 1480 1946 consilio
1529 1877 1995 1974 quamplures
2037 1877 2253 1948 etiam
2287 1876 2379 1947 de
2421 1874 2923 1974 primioribuS‚
2957 1891 3025 1948 et

875 1993 999 2088 qui
1060 1993 1329 2089 aliquid
1395 2018 1604 2090 posse
1673 1996 1911 2093 putari
1980 1995 2415 2092 potuissent,
2484 2019 2618 2065 nos
2681 1995 3025 2091 singulari

873 2132 1120 2179 amore
1152 2123 1223 2179 et
1255 2109 1744 2182 benivolentia
1777 2111 2160 2208 complecti
2202 2109 2640 2181 viderentur.
2693 2114 2783 2180 Et
2817 2111 3023 2184 nobis

874 2223 1176 2320 quippe,
1249 2238 1331 2294 ut
1393 2225 1724 2296 aestimari
1786 2239 2071 2323 poterat
2089 2278 2109 2315 ,
2182 2249 2267 2296 ex
2327 2225 2570 2296 animo
2630 2228 3021 2324 compatie-

873 2335 1176 2427 bantur3
1226 2338 1354 2409 sed
1401 2338 1782 2412 subvenire
1824 2355 2041 2438 atque
2079 2365 2293 2439 opem
2330 2340 2510 2412 ferre
2542 2354 2833 2438 poterat
2865 2342 3019 2412 nul-

871 2451 983 2523 lus
1022 2481 1038 2522 :
1080 2469 1358 2526 tantum
1390 2481 1514 2526 eos
1547 2457 1834 2551 tyranni
1884 2471 2118 2528 metus
2158 2456 2613 2551 formidoque
2644 2456 3021 2554 premebat

873 2584 1087 2666 atque
1121 2571 1430 2644 terrebat
1459 2570 1474 2640 !

971 2690 1218 2782 Itaque
1244 2687 1376 2759 sub
1405 2702 1745 2785 praetextu
1772 2689 2300 2784 prosecutionis
2318 2686 2830 2784 hujuscemodi
2852 2712 3017 2784 pen-

871 2803 1090 2872 sionis
1151 2805 1360 2873 nobis
1425 2804 1865 2898 assignandae
1950 2803 2362 2875 cunctando
2447 2818 2520 2874 et
2583 2802 3015 2900 protelando

871 2934 1152 3014 tempus
1173 2975 1191 3010 ,
1225 2919 1315 2989 de
1358 2920 1747 2992 Aurelianis
1782 2919 1875 2990 ad
1922 2920 2181 2990 urbem
2216 2919 2598 2990 Bituricam
2632 2921 2917 2992 curiam
2951 2936 3018 2991 et

870 3034 1275 3125 consilium,
1307 3051 1379 3104 et
1403 3035 1709 3105 subinde
1738 3035 1830 3105 de
1858 3035 2169 3105 Biturica
2200 3033 2376 3105 urbe
2402 3034 2496 3105 ad
2523 3039 3013 3106 Turonensem

869 3173 1150 3245 semper
1191 3151 1415 3222 secuti
1447 3151 1767 3222 fuimns².
1806 3154 1971 3236 Quo
2008 3176 2175 3221 cum
2212 3151 2653 3221 venissemus
2680 3152 3013 3247 (Turonis

869 3266 1160 3363 scilicet)
1217 3268 1438 3339 altero
1499 3268 1614 3339 die
1675 3283 2061 3365 postquam
2112 3269 2449 3339 dominus
2511 3270 3013 3340 cancellarius*

869 3406 1035 3451 cum
1093 3382 1420 3479 plurimis
1480 3384 1569 3455 de
1627 3384 1928 3454 consilio
1999 3385 2169 3455 illuc
2237 3384 2693 3474 adventarat,
2757 3383 3008 3481 idque,

871 3501 1226 3571 nescimus
1256 3525 1401 3596 quo
1437 3502 1835 3592 nuntiante,
1875 3500 1968 3571 ad
2002 3503 2184 3597 regis
2218 3502 2653 3599 pervenisset
2680 3502 3013 3572 notitiam

869 3615 1024 3710 (qui
1073 3618 1144 3686 in
1193 3617 1555 3686 Μοάιιηο8
1601 3617 1873 3714 oppido
1918 3617 2151 3688 stabat
2190 3632 2260 3688 et
2294 3618 2444 3711 jam
2484 3614 2747 3686 diebus
2772 3617 3013 3688 multis

949 3785 1005 3838 l.
1052 3786 1131 3838 Le
1164 3781 1286 3852 roi,
1319 3781 1525 3838 s'etant
1569 3779 1753 3837 rendu
1792 3781 2095 3839 d'Orlieans
2133 3786 2163 3838 21
2200 3787 2455 3860 Bourges
2496 3785 2528 3838 ἐι
2574 3781 2632 3839 la
2667 3785 2749 3840 fin
2788 3784 2866 3841 de
2908 3783 3010 3840 de·

865 3873 1096 3932 ‹·e1nb1·e
1125 3878 1282 3932 146ss
1304 3922 1316 3944 ‚
1345 3895 1406 3931 se
1435 3874 1541 3930 tint
1572 3873 1715 3929 dans
1740 3886 1886 3930 cette
1918 3875 2180 3933 ‹lernicre
2208 3875 2343 3932 ville
2372 3887 2495 3931 tout
2528 3876 2581 3932 le
2611 3877 2761 3933 mois
2789 3875 2866 3935 de
2879 3878 3007 3950 jan-

867 3969 989 4026 vier
1016 3982 1074 4026 et
1097 3988 1212 4025 une
1242 3967 1424 4045 partie
1459 3967 1530 4023 de
1560 3966 1772 4024 sevrier
1806 3971 1982 4049 1967.
2014 3970 2059 4025 Il
2092 3969 2228 4027 etait
2261 3987 2332 4026 cn
2360 3967 2649 4026 Touraine
2678 3971 2713 4024 Ξι
2744 3971 2799 4027 la
2830 3972 2911 4027 fin
2940 3970 3007 4026 de

865 4081 1055 4131 lnars3
1089 4060 1230 4117 mais
1263 4061 1318 4116 le
1347 4059 1562 4116 conseil
1599 4059 1679 4134 l'y
1707 4059 1858 4116 avait
1896 4061 2163 4137 precede.

942 4157 1001 4211 2.
1048 4154 1372 4211 Guillaume
1399 4153 1678 4211 Jouvenel
1710 4154 1811 4210 des
1838 4154 2064 4214 Ursins.

943 4254 998 4306 3.
1045 4247 1638 4306 Mehun-sur-Yevrc.
