3400 5417
902 547 975 600 76
1446 545 1954 600 HISTORIARUM
1999 546 2352 600 LUDOVICI
2395 546 2480 601 XI

899 681 1114 752 ducta
1148 678 1433 749 cuidam
1480 677 1683 747 militi
1720 679 2042 771 Reynero
2081 676 2170 746 de
2207 674 2689 772 Broeclruysen
2713 680 2732 715 ¹
2773 692 2844 749 et
2873 679 3024 749 cui-

898 795 1068 867 dam
1100 794 1408 865 Henrico
1441 791 1529 861 de
1568 789 1942 863 Nievelde¹
1973 793 2353 864 commissa
2384 793 2537 863 fuit.

998 911 1085 981 Hi
1118 924 1355 981 autem
1386 909 1528 980 alio
1558 910 1673 978 se⁸
1710 906 2064 1004 proficisci
2098 908 2278 979 velle
2314 910 2750 999 simulantes,
2793 910 3027 980 celan-

899 1041 1141 1121 tesque
1171 1026 1620 1122 propositum
1649 1023 1844 1119 quod
1879 1040 2118 1094 mente
2151 1040 2663 1123 conceperant,
2702 1024 2794 1097 ad
2835 1024 3022 1096 idem

898 1142 1257 1238 Leydense
1286 1141 1637 1239 oppidum
1664 1155 1887 1210 noctu
1922 1142 2440 1238 applicuerunt.
2483 1146 2649 1213 Erat
2679 1156 2832 1211 tum
2869 1143 3024 1238 gelu

898 1259 1061 1330 satis
1097 1282 1425 1355 asperum
1448 1314 1465 1348 ,
1512 1258 1609 1328 ita
1652 1271 1730 1326 ut
1770 1280 1994 1352 aqua,
2039 1281 2180 1352 qua
2224 1258 2459 1354 ipsum
2492 1256 2842 1354 oppidum
2875 1258 3024 1327 cin·

898 1374 1107 1469 gitur,
1164 1374 1235 1442 in
1278 1374 1573 1468 glaciem
1614 1372 1867 1443 durata
1898 1429 1915 1463 ,
1961 1374 2145 1443 sicca
2188 1387 2258 1443 et
2298 1373 2525 1443 solida
2558 1372 2849 1467 vestigia
2884 1374 3020 1443 ca]-

895 1489 1223 1560 cantibus
1280 1490 1480 1559 facile
1537 1487 1905 1586 praeberet.
1983 1488 2420 1559 Transmisso
2489 1490 2726 1584 itaque
2793 1487 3020 1577 valle,

897 1605 1275 1703 oppidanis
1334 1605 1513 1674 nihil
1559 1604 1816 1675 hostile
1874 1604 2395 1701 suspicantibus
2429 1660 2447 1695 ,
2504 1603 2628 1675 sed
2674 1605 2746 1673 in
2799 1605 3030 1675 stratis

896 1721 1038 1791 suis
1086 1746 1329 1790 secure
1388 1719 1915 1815 quiescentibus
1946 1776 1963 1810 ‚
2004 1719 2500 1815 hujuscemodi
2547 1719 2817 1789 exsules
2864 1744 3025 1789 cum

896 1861 1026 1906 suo
1075 1837 1418 1907 comitatu
1474 1837 2062 1931 Trajectensium,
2118 1838 2317 1907 nullo
2361 1836 2780 1925 obsistente,
2821 1837 3028 1933 oppi-

894 1950 1068 2020 dum
1123 1952 1589 2049 irrumpunt¹⁹.
1636 1951 1850 2037 Quod
1896 1953 1991 2023 ita
2043 1952 2382 2045 ingressi,
2439 1950 3030 2022 concurrentibus

895 2066 984 2137 ad
1032 2092 1105 2137 se
1154 2068 1305 2138 aliis
1356 2069 1427 2137 in
1467 2092 1555 2137 eo
1604 2068 1874 2165 oppido
1924 2093 2063 2137 suae
2111 2067 2461 2156 factioniS‚
2503 2065 3028 2137 Hoeckensium

894 2182 1182 2273 scilicet,
1222 2206 1309 2251 eo
1343 2182 1532 2253 illico
1567 2184 1774 2279 potiti
1812 2196 1973 2251 sunt
1994 2184 2036 2248 ⁵.
2070 2182 2199 2250 Cui
2234 2181 2617 2277 inopinatae
2650 2181 3026 2278 irruptioni

893 2323 1057 2367 cum
1094 2298 1191 2367 illi
1227 2298 1532 2369 adversae.
1578 2298 1941 2388 factioniS‚
1990 2298 2153 2367 licet
2199 2298 2410 2391 longe
2445 2296 2682 2392 plures
2725 2321 3028 2368 numero

892 2427 962 2482 et
1022 2414 1278 2511 opibus
1344 2415 1780 2511 potentiores
1841 2427 2115 2503 essent,
2167 2414 2382 2482 veluti
2442 2413 2592 2507 jam
2639 2413 2902 2509 captivi
2965 2431 3029 2484 et

893 2528 1206 2623 subacti,
1247 2530 1474 2600 obniti
1517 2555 1665 2599 non
1707 2529 2076 2620 auderent,
2116 2555 2199 2600 ex
2244 2531 2410 2626 ipsis
2444 2529 2721 2598 circiter
2759 2556 2877 2621 xL,
2922 2532 3027 2601 di-

895 2649 1106 2742 reptis
1179 2646 1513 2717 domibus
1590 2647 1732 2715 suis
1757 2648 1804 2736 ⁶,
1869 2647 1943 2715 in
2001 2647 2210 2716 variis
2268 2647 2443 2716 locis
2507 2645 2641 2715 sul)
2705 2649 3028 2720 custodia

894 2762 1128 2831 traditi
1179 2775 1384 2849 sunt3
1429 2775 1945 2854 tenueruntque
2002 2762 2273 2831 exsules
2317 2785 2481 2829 cum
2517 2760 2668 2829 aJiis
2705 2785 2847 2831 sua·
2895 2762 3030 2833 sac-

894 2876 1107 2945 tionis
1146 2875 1530 2973 oppidum,
1572 2900 1720 2945 sese
1760 2874 1848 2945 de
1886 2876 2190 2946 inimicis
2241 2876 2403 2945 satis
2454 2876 2784 2945 atrociter
2818 2877 3026 2946 ulcis-

891 3006 1131 3061 centes
1170 3006 1240 3059 et
1284 2991 1511 3060 varias
1546 2992 1813 3086 [medas
1859 3006 2068 3086 atque
2104 2992 2386 3087 rapinas
2419 3015 2551 3086 pro
2587 2990 2791 3061 libito
2827 3017 3024 3062 exer·

890 3122 1151 3177 centes.

994 3228 1253 3294 Verum
1294 3224 1412 3293 tali
1453 3237 1607 3293 astu
1651 3238 1718 3291 et
1765 3223 1934 3292 dolo
1974 3223 2106 3293 sibi
2155 3238 2399 3319 parata
2443 3224 2824 3294 auctoritas
2875 3250 3021 3296 non

973 3510 1027 3562 1.
1074 3509 1302 3581 Reyner
1333 3524 1445 3559 van
1478 3502 1839 3559 Broechusen
1871 3502 2001 3556 &tait
2029 3500 2098 3557 de
2127 3502 2180 3556 la
2209 3502 2429 3558 maison
2465 3502 2535 3558 de
2564 3500 2893 3560 Brederode
2923 3524 3024 3581 par

888 3618 949 3655 sa
988 3599 1165 3667 mere,
1213 3612 1269 3652 et
1314 3598 1463 3653 avait
1505 3600 1533 3651 51
1577 3616 1789 3672 vunger
1827 3615 1915 3651 ses
1954 3595 2148 3650 <meles
2193 3596 2454 3670 Reynold
2489 3595 2560 3651 de
2599 3595 2931 3653 Brederode
2971 3610 3020 3653 et

886 3690 1134 3758 Gisbert,
1160 3690 1305 3760 judis
1340 3691 1662 3765 persecuti-s
1693 3710 1795 3765 par
1825 3690 2086 3763 Pius-que
2115 3689 2432 3745 ‹stura-ht.

965 3802 1022 3855 2.
1072 3801 1341 3854 Meaelde
1370 3797 1509 3851 dans
1536 3797 1587 3852 le
1618 3817 1722 3852 nis.
1762 3796 2060 3851 Matthwus
2090 3815 2120 3851 a
2155 3796 2383 3851 restitue
2416 3814 2481 3851 ce
2511 3815 2646 3851 nom
2681 3795 2912 3872 d'apres
2946 3798 3021 3853 les

881 3892 1295 3967 clu-oniqueurs
1326 3888 1665 3955 holhmdais,
1702 3914 1729 3940 «ι
1755 3889 2007 3944 ilenrico
2039 3892 2256 3961 Zetylc’n
2286 3910 2321 3943 a
2353 3894 2607 3957 ss'yevelt.
2637 3913 2664 3939 n

966 4000 1020 4052 3.
1067 4001 1159 4050 Si(-
1196 3993 1511 4049 Manlumus.
1553 3999 1725 4063 Ly-ose·
1749 3993 1890 4049 (lans
1923 3994 1973 4046 le
2003 4012 2108 4048 ms.

964 4101 1019 4151 [ι.
1066 4095 1386 4156 Matthaeus,
1428 4098 1711 4150 invadunt.

966 4204 1019 4255 55.
1071 4202 1133 4253 21
1178 4199 1391 4267 janvier
1422 4202 1561 4254 1481
1604 4202 1783 4271 (1480
1815 4198 1968 4253 selon
2003 4198 2215 4273 l'usage
2246 4198 2314 4252 (1(ἱ
2347 4201 2604 4257 Franco).

968 4306 1020 4355 ti.
1072 4306 1224 4355 Dans
1258 4299 1569 4363 Nlattlneus,
1610 4324 1633 4349 α
1661 4300 1885 4354 circiter
1915 4320 1989 4353 xv
2021 4299 2252 4376 direptis
2284 4300 2546 4357 domibus
2577 4301 2707 4355 suis.
2738 4325 2764 4350 »
