3400 5417
967 485 1083 542 136
1513 484 2030 542 HISTORIARUM
2069 486 2426 544 Lunovlcl
2466 486 2552 544 xl

965 618 1205 716 potius
1253 616 1547 689 infamia
1589 617 1736 690 ulla
1786 619 2112 709 emersit3
2150 618 2327 714 quin
2368 617 2607 716 potius
2632 618 2726 692 ab
2756 618 3095 691 omnibus

964 733 1162 806 velut
1190 732 1406 831 ipsius
1441 758 1620 805 uxor
1645 734 1962 829 legitima
1992 732 2420 806 habebatur.

1066 851 1449 947 Propositis
1486 850 1698 947 igitur
1728 850 2226 946 hujuscemodi
2252 849 2482 922 causis
2500 904 2519 940 ‚
2585 865 2877 949 propter
2920 877 3097 948 quas

965 990 1114 1037 non
1149 963 1243 1036 ad
1273 965 1541 1038 liberos
1578 965 1928 1056 defuncti,
1967 965 2093 1038 sed
2121 966 2216 1038 ad
2263 991 2338 1038 se
2365 967 2630 1065 potius,
2662 967 2878 1065 ipsius
2925 971 3097 1040 uni-

964 1106 1132 1153 cum
1183 1106 1604 1177 germanum
1661 1084 2108 1181 superstitem
2130 1137 2148 1173 ‚
2198 1083 2531 1155 diadema
2587 1100 2660 1155 et
2720 1085 3096 1183 imperium

965 1199 1166 1294 regni
1203 1201 1363 1295 jure
1419 1200 1838 1271 devolutum
1887 1199 2279 1288 asserebat,
2336 1214 2408 1272 et
2464 1201 2803 1296 requisita
2850 1199 2947 1273 ab
3003 1204 3099 1273 eis

964 1340 1175 1413 super
1232 1341 1318 1388 ea
1369 1340 1445 1387 re
1503 1317 1887 1406 sententia,
1958 1340 2139 1411 quos
2164 1321 2180 1354 ¹
2216 1316 2325 1388 'ad
2376 1340 2766 1388 commune
2811 1317 3101 1415 capien-

964 1431 1141 1502 dum
1192 1458 1404 1530 super
1459 1435 1654 1529 regni
1719 1432 2213 1505 moderatione
2270 1434 2651 1505 consilium
2709 1434 2895 1505 intra
2949 1459 3099 1506 cas·

963 1562 1197 1636 trum,
1237 1546 1436 1643 quod
1493 1550 1732 1620 Turris
1801 1549 2345 1620 Londoniarum
2403 1549 2619 1644 vulgo
2674 1550 3097 1647 appellatur,

966 1678 1439 1751 convocarat,
1505 1688 1671 1734 cum
1731 1667 1880 1761 ipse
1954 1665 2295 1735 dominus
2353 1663 2445 1735 de
2498 1664 2930 1763 Hastz'nghe,
2982 1667 3101 1760 qui

969 1777 1283 1849 defuncti
1333 1780 1517 1874 regis
1566 1804 1868 1874 magnus
1931 1780 2378 1852 consiliarius
2436 1794 2508 1851 et
2557 1780 2830 1851 amicus
2896 1781 3103 1851 exsti-

968 1908 1188 1986 terat,
1225 1896 1476 1994 spretis
1521 1897 1828 1995 praefatis
1872 1896 2398 1987 calumniandi,
2455 1897 2652 1968 velut
2678 1895 2956 1989 affictis,
2994 1923 3105 1968 co-

969 2008 1271 2102 loribuS‚
1307 2026 1720 2082 constanter
1756 2036 1889 2109 pro
1918 2012 2080 2108 jure
2115 2011 2510 2083 liberorum
2552 2010 2875 2082 defuncti
2926 2015 3106 2108 regis

971 2127 1252 2199 locutus
1310 2126 1553 2200 fuisset
1580 2143 1651 2198 et
1683 2127 1910 2199 libere
1943 2130 2163 2225 ipsius
2197 2129 2398 2200 ducis
2434 2128 2786 2198 voluntati
2818 2143 3107 2199 contra-

971 2242 1298 2333 dixisset,
1357 2243 1602 2315 dicens
1639 2269 1713 2316 se
1747 2244 1844 2315 ob
1885 2243 2139 2333 fidem,
2196 2269 2415 2339 quam
2467 2248 2621 2316 Deo
2668 2244 2989 2341 primum
3026 2269 3107 2316 ac

973 2358 1313 2430 defuncto
1373 2362 1520 2455 regi
1569 2360 1898 2454 deberet,
1959 2385 2329 2456 nunquam
2377 2361 2450 2430 in
2506 2359 2829 2431 fraudem
2870 2359 3109 2455 hujus-

973 2475 1256 2547 cemodi
1291 2501 1501 2547 suum
1535 2492 1865 2574 praestare
1898 2501 2264 2548 assensum
2289 2532 2307 2566 ‚
2347 2476 2535 2547 illico
2579 2473 2929 2545 obseratis
2960 2476 3109 2571 ejus

974 2593 1181 2662 castri
1233 2593 1483 2688 portiS‚
1527 2590 1853 2663 adhibita
1895 2593 2110 2663 etiam
2168 2591 2472 2662 militum
2532 2588 2902 2680 custodia,
2938 2615 3109 2687 quo-

979 2734 1138 2779 rum
1172 2733 1246 2779 se
1279 2709 1606 2779 satellitio
1637 2710 2187 2800 communierat,
2231 2707 2566 2778 eumdem
2601 2706 2985 2777 dominum
3021 2707 3110 2777 de

982 2823 1374 2920 Hastinglee
1406 2823 1794 2921 decapitari
1821 2825 2037 2895 fecit².
2074 2829 2256 2895 Cum
2284 2838 2525 2895 autem
2559 2823 2782 2920 ipsius
2815 2823 3104 2912 familia,

979 2965 1135 3036 quae
1160 2939 1360 3035 juxta
1393 2942 1670 3010 Turrim
1714 2940 1884 3011 foris
1920 2941 2282 3033 adstabat,
2326 2964 2693 3011 rumorem
2750 2941 2941 3011 intus
2970 2940 3107 3010 fac-

981 3073 1132 3128 tum
1169 3072 1238 3127 et
1275 3059 1662 3129 tumultum
1710 3058 2051 3152 audiem,
2095 3059 2185 3129 de
2233 3058 2406 3128 dolo
2454 3081 2537 3128 ac
2581 3057 2958 3146 violentia,
3020 3081 3109 3126 ne

982 3174 1280 3244 domino
1310 3199 1441 3245 suo
1477 3174 1648 3245 illati
1685 3190 1951 3258 essent,
1990 3174 2374 3264 haesitaret,
2414 3173 2538 3243 illo
2571 3185 2788 3268 caput
2816 3171 3035 3269 ipsius
3072 3195 3109 3240 e

979 3317 1186 3363 muro
1220 3292 1521 3364 eisdem³
1555 3307 1659 3363 est.
1691 3307 2089 3384 ostensum,
2148 3306 2223 3361 ut
2273 3292 2423 3387 jam
2484 3291 2573 3361 de
2630 3289 2932 3360 domino
2977 3315 3109 3360 suo

976 3407 1322 3503 quidnam
1357 3409 1619 3479 factum
1653 3407 1879 3478 suerat
1912 3407 2219 3503 amplius
2266 3407 2562 3476 minime
2592 3404 3003 3499 ambigeret.

1077 3526 1279 3621 Capti
1317 3538 1484 3594 sunt
1527 3537 1765 3595 autem
1795 3538 1865 3594 et
1901 3524 1973 3593 in
2020 3547 2380 3594 carcerem
2414 3507 2701 3593 detrusi·
2730 3546 2858 3619 per
2906 3545 3107 3591 eum-

1061 3765 1112 3819 1.
1166 3765 1334 3833 Quod
1359 3762 1499 3818 dans
1529 3763 1581 3820 lc
1611 3784 1717 3821 ms·

1061 3859 1120 3914 2.
1169 3857 1434 3932 Hastings
1479 3858 1559 3913 sut
1596 3857 1859 3935 decapite
1896 3861 1928 3913 21
1968 3859 2021 3914 la
2047 3861 2200 3914 Tour
2234 3857 2287 3913 le
2319 3859 2393 3912 13
2416 3853 2539 3926 juin
2579 3855 2733 3910 ¹483
2755 3896 2771 3922 ‚
2808 3852 2947 3909 mais
2977 3872 3111 3907 sous

980 3953 1032 4008 le
1063 3953 1321 4028 prete-xlc
1350 3950 1487 4006 ‹l'un
1515 3951 1772 4027 complot
1800 3952 1978 4008 tram&
2012 3970 2113 4027 par
2143 3949 2219 4006 lui
2249 3961 2448 4007 contre.
2476 3947 2529 4004 le
2558 3945 2670 4003 duc
2699 3945 2769 4002 de
2788 3945 3107 4009 Gloceswn

979 4045 1077 4122 qui
1119 4044 1336 4102 n'avait
1376 4064 1584 4101 encore
1618 4044 1786 4101 laiss&
1826 4041 2074 4121 paraitre
2112 4063 2335 4102 aucune
2380 4043 2451 4099 de
2489 4061 2577 4098 ses
2613 4039 2966 4117 pretentionzz
2992 4041 3019 4093 ἐι
3057 4038 3107 4093 la

977 4157 1293 4195 couronne.

1063 4238 1119 4290 3.
1167 4233 1210 4290 ΙΙ
1242 4234 1358 4291 saut
1388 4235 1566 4288 eidem
1597 4232 1865 4309 puisqu'il
1896 4253 1931 4308 y
1959 4254 1991 4290 a
2019 4235 2339 4300 lzoesitaret‚
2368 4242 2420 4287 et
2448 4230 2578 4306 plus
2606 4230 2723 4287 loin
2752 4227 3075 4303 anzbigcrct.
