3400 5417
973 461 1090 518 168
1535 457 2056 520 HISTORIARUM
2078 459 2451 520 LUDOVICI
2490 462 2575 518 XI

973 591 1367 690 equitandi.
1408 595 1588 666 Nam
1616 592 2121 664 venationibus
2151 606 2343 665 totus
2372 618 2576 691 paene
2605 593 2881 670 deditus
2912 613 3085 686 erat;

975 710 1332 807 totiusque
1355 707 1566 806 :regni
1599 709 1709 780 sui
1742 733 2071 808 proceres
2108 709 2609 806 hujuscemodi
2648 714 3091 785 venationum

972 825 1319 898 exercitiis
1349 839 1423 897 et
1447 825 2045 920 recreationibus,
2082 851 2170 898 ex
2196 826 2643 900 insaturabili
2678 843 2747 900 et
2778 829 3093 903 effrenata

973 941 1345 1036 aviditate,
1387 943 1637 1016 edictis
1672 945 1817 1014 suis
1866 968 2017 1015 non
2051 943 2185 1016 sub
2226 944 2507 1016 minore
2544 969 2846 1019 censura
2897 971 3094 1044 quam

974 1068 1504 1141 confiscationis
1536 1070 1861 1168 corporis
1894 1085 1962 1140 et
1994 1069 2361 1140 bonorum
2390 1085 2796 1143 removerat
2817 1077 2864 1158 ¹,
2905 1089 3097 1170 prout

976 1187 1049 1256 in
1098 1184 1586 1282 superioribus
1630 1186 1846 1256 etiam
1893 1184 2211 1256 retulisse
2246 1184 2704 1256 meminimus
2730 1191 2775 1257 ².
2812 1187 2918 1259 Ad
2954 1187 3096 1258 ulti-

978 1325 1180 1374 mum
1207 1324 1380 1372 vero
1402 1357 1423 1393 ‚
1456 1326 1631 1371 cum
1664 1301 1817 1395 jam
1858 1324 1992 1371 nec
2028 1299 2333 1397 pedibus
2364 1301 2734 1375 ambulare
2768 1328 2904 1374 nec
2934 1329 3097 1400 equo

979 1418 1242 1490 vectari
1275 1431 1551 1515 posset,
1596 1417 1670 1486 in
1708 1440 1991 1487 camera
2027 1417 2103 1486 in
2137 1439 2280 1513 qua
2312 1433 2462 1488 erat
2502 1416 2805 1491 faciebat
2834 1434 3019 1492 ratos
3044 1433 3101 1490 et

981 1559 1218 1607 mures
1259 1534 1463 1603 vivos
1494 1532 1756 1626 afferri,
1799 1548 1870 1605 et
1902 1533 2402 1629 hujuscemodi
2439 1535 2765 1608 sordidas
2796 1535 3100 1608 bestiolas

982 1675 1112 1748 per
1149 1674 1388 1738 canes,
1422 1673 1605 1746 quos
1629 1649 2129 1744 hujuscemodi
2160 1674 2373 1722 causa
2396 1653 2708 1723 exercitii
2742 1652 3097 1741 nutriebat,

984 1769 1228 1842 venari
1260 1791 1506 1838 coram
1539 1791 1613 1837 se
1643 1769 1686 1837 ³.

1087 1884 1305 1979 Cujus
1360 1885 1576 1956 etiam
1605 1885 1706 1954 rei
1767 1885 2024 1978 gratia,
2081 1910 2232 1956 rem
2272 1886 2756 1957 stultissimam
2806 1901 2880 1958 et
2936 1911 3098 1982 quae‚

989 2016 1257 2099 quanta
1308 2016 1485 2071 esset
1532 2002 1836 2096 gravitas
1882 2015 1950 2070 et
1979 2003 2327 2099 sapientia
2357 2002 2674 2073 hominis
2709 2002 2949 2100 palam
2970 1997 3105 2072 'om—

992 2118 1206 2189 nibus
1261 2117 1557 2208 faceret,
1633 2116 1785 2188 fieri
1842 2117 2069 2210 jussit.
2142 2120 2327 2189 Misit
2380 2120 2575 2190 enim
2617 2121 3107 2190 commissarios

995 2235 1085 2306 ad
1125 2234 1378 2306 urbem
1411 2234 2061 2332 Rothomagensem
2095 2251 2166 2306 et
2198 2235 2334 2306 alia
2374 2236 2683 2332 plurima
2710 2239 2908 2332 regni
2940 2238 3102 2322 loca,

997 2351 1122 2446 qui
1152 2376 1238 2420 ex
1287 2351 1504 2446 ipsius
1542 2352 1960 2422 auctoritate
1992 2349 2332 2445 juberent
2370 2351 2503 2421 sub
2537 2376 2754 2450 poena
2782 2351 3108 2423 confisca-

1001 2468 1216 2537 tionis
1251 2467 1575 2564 corporis
1611 2481 1681 2536 et
1713 2465 2078 2536 honorum
2126 2480 2203 2535 ut
2243 2490 2493 2536 omnes
2540 2491 2792 2559 caneS‚
2838 2469 3025 2566 parvi
3056 2482 3109 2536 et

1004 2585 1286 2678 magni,
1344 2584 1434 2654 ad
1470 2607 1689 2653 unam
1728 2585 2037 2680 plateam
2078 2581 2534 2653 ducerentur.
2597 2583 2879 2670 Quibus
2922 2585 3013 2654 sic
3053 2585 3109 2652 in

1003 2726 1233 2772 unum
1287 2700 1638 2788 collectiS,
1691 2724 1875 2795 quos
1918 2699 2262 2769 ducerent
2309 2699 2708 2795 eligendos,
2768 2700 2863 2770 ad
2912 2723 3113 2792 regem

1010 2823 1081 2890 in
1154 2818 1464 2888 carrucis
1529 2831 1600 2886 et
1663 2816 2010 2887 vehiculis
2064 2817 2358 2910 ligatos⁸
2423 2817 2801 2908 veherent,
2878 2815 3110 2916 praefati

1009 2935 1318 3005 exercitii
1393 2933 1498 3002 sui
1550 2957 1803 3022 causa,
1866 2947 1942 3001 ut
2000 2934 2349 3030 praedicta*
2404 2946 2549 3003 tam
2597 2934 2890 3027 insignis
2935 2955 3113 3001 vena·

1010 3053 1224 3122 tionis
1260 3051 1622 3147 voluptate
1658 3049 2030 3147 potiretur.
2073 3049 2457 3145 Simileque
2496 3048 3029 3144 quodammodo
3058 3048 3113 3115 in

1012 3171 1155 3240 hoc
1198 3168 1496 3239 faciebat
1538 3167 2146 3238 oblectamentum
2187 3168 2600 3238 Domitiano
2637 3169 2931 3258 Caesari,
2982 3166 3111 3263 qui,

1015 3302 1091 3358 ut
1139 3285 1590 3380 Tranquillus
1645 3282 1891 3373 refert,
1952 3283 2125 3353 dum
2187 3285 2259 3353 in
2324 3298 2594 3354 secreto
2660 3282 2968 3354 cubiculi
3018 3304 3118 3378 per

1015 3406 1244 3474 otium
1276 3416 1527 3491 staret,
1565 3399 1750 3470 sacto
1800 3399 2085 3469 flabello
2137 3415 2205 3468 et
2244 3424 2521 3470 muscas
2566 3399 2976 3489 caedendo⁵‚
3019 3421 3116 3464 vo-

1014 3521 1358 3619 luptatem
1393 3517 1812 3613 accipiebat.

1095 3673 1121 3724 1
1141 3713 1153 3726 .
1203 3672 1558 3724 Permoverat
1587 3664 1729 3720 (lans
1763 3663 1817 3719 le
1848 3683 1954 3719 ins.

1093 3764 1153 3818 2.
1203 3764 1379 3817 Tome
1407 3763 1495 3827 11,
1531 3778 1592 3836 p.
1629 3762 1727 3816 73.
2720 3817 2733 3831 ·

1097 3860 1153 3914 3.
1198 3859 1358 3912 Dans
1396 3855 1449 3910 16
1493 3852 1732 3929 registro
1769 3855 1825 3908 K
1864 3854 1978 3909 293
2012 3852 2110 3909 des
2150 3853 2425 3910 Archives
2466 3855 2537 3910 (16
2578 3854 2885 3931 l'Empire‚
2921 3873 2991 3909 on
3024 3848 3117 3903 voit

1014 3954 1214 4031 por-tce
1261 3950 1444 4028 parmi
1482 3949 1562 4004 les
1603 3947 1883 4024 depenses
1930 3947 2001 4004 ‹le
2046 3949 2219 4005 Louis
2260 3953 2345 4006 XI
2392 3971 2462 4006 cn
2506 3953 2652 4007 1431
2698 3951 2752 4006 la
2786 3948 3025 4006 mention
3064 3943 3118 3998 de

1015 4051 1220 4107 lievres
1248 4046 1440 4104 laches
1473 4045 1614 4101 dans
1643 4044 1695 4099 le
1725 4063 1862 4119 parc
1890 4042 1968 4101 du
1990 4044 2193 4101 Plessis
2216 4065 2365 4121 pour
2394 4045 2533 4102 faire
2562 4044 2793 4103 chasser
2820 4066 2905 4104 ses
2930 4041 3113 4099 chiens.

1098 4147 1154 4201 [ι.
1203 4143 1311 4198 Ms.
1349 4146 1580 4215 legatos·

1098 4242 1153 4294 5.
1201 4239 1309 4294 Ms.
1344 4255 1419 4290 ex
1448 4240 1652 4291 muscis
1679 4235 1959 4289 caedendo.
