3400 5417
1008 532 1043 590 8
1550 532 2059 589 HISTORIARUM
2100 531 2457 589 LUDOVICI
2497 534 2583 589 xl

1005 690 1173 737 cum
1225 664 1426 736 omni
1450 663 1958 760 superioritatis
1986 662 2145 758 jure
2166 718 2185 753 ,
2214 661 2740 758 exemptionem
2774 662 3089 734 validam
3109 720 3129 754 ,

1005 794 1150 853 tam
1178 802 1310 877 pro
1363 804 1437 850 se
1463 836 1481 870 ‚
1520 802 1739 875 quam
1797 801 1932 875 pro
1991 779 2134 848 suis
2189 775 2589 849 haeredibus
2639 792 2710 848 et
2773 802 3134 850 successo-

1005 895 1237 987 ribus,
1296 920 1504 966 suum
1552 894 1947 988 genitorem
2003 894 2352 990 quaesiisse
2391 908 2601 991 atque
2662 892 3000 965 habuisse
3031 894 3137 965 di-

1007 1009 1306 1099 cebant3
1375 1009 1499 1081 sed
1569 1009 1675 1080 his
1726 1008 2021 1079 minime
2080 1009 2363 1079 attentis
2388 1065 2406 1099 ,
2474 1007 2829 1079 desiderio
2896 1010 3137 1081 conci-

1005 1111 1259 1198 liandae
1296 1126 1489 1224 pacis
1522 1139 1593 1196 et
1647 1124 1970 1196 amicitiae
2033 1124 2485 1219 acquirendae
2514 1139 2586 1195 et
2631 1126 3136 1197 conservandae

1006 1266 1171 1313 cum
1219 1242 1412 1337 regia
1459 1240 1819 1336 majestate
1843 1292 1861 1328 ,
1901 1238 2183 1309 cederet
2215 1238 2468 1309 eadem
2500 1238 2922 1336 principissa
2979 1264 3138 1311 om-

1007 1357 1218 1428 nibus
1243 1356 1526 1453 juribus
1559 1378 1715 1450 quae
1750 1380 1877 1452 per
1911 1369 2247 1426 tractatus
2281 1354 2653 1452 praedictos
2685 1354 2819 1425 sibi
2847 1357 3139 1449 quaesita

1006 1473 1439 1571 praetendere
1479 1487 1744 1569 posset,
1771 1486 1840 1541 et
1868 1496 2022 1567 quae
2050 1471 2288 1543 adhuc
2324 1471 2414 1543 de
2436 1471 2549 1542 his
2579 1469 2671 1541 ad
2702 1470 2815 1566 jus
2852 1495 3142 1544 coronae

1004 1591 1490 1689 pertinuerant
1515 1603 1585 1658 et
1622 1588 1767 1658 suis
1792 1586 2111 1659 habebat
2135 1586 2491 1678 manibus,
2525 1586 2670 1681 regi
2688 1586 3143 1659 contraderet

1008 1717 1220 1797 atque
1255 1700 1648 1771 restitueret
1665 1702 1709 1769 ¹.

1105 1815 1482 1889 Habebant
1501 1830 1740 1887 autem
1757 1828 1825 1885 et
1844 1814 2060 1885 iidem
2076 1830 2417 1903 oratores,
2440 1816 2547 1885 vel
2568 1839 2651 1886 ex
2672 1814 2838 1914 ipsis
2858 1815 3136 1911 aliqui¹,

1010 1932 1101 2005 ab
1140 1934 1292 2031 ipsa
1321 1932 1736 2029 principissa
1772 1955 1901 2001 sua
1930 1930 2347 2002 mandatum
2377 1930 2654 2002 tradere
2692 1933 2837 2026 regi
2863 1931 3142 2004 Atreba-

1013 2064 1163 2119 tum
1187 2048 1545 2118 civitatem
1568 2103 1586 2136 ‚
1628 2048 1699 2116 in
1726 2072 1865 2143 qua
1895 2062 1997 2117 est
2025 2047 2320 2117 ecclesia
2347 2048 2848 2146 episcopalis⁸3
2892 2063 2964 2119 et
2980 2074 3140 2120 eam

1011 2166 1101 2237 de
1139 2165 1324 2237 facto
1364 2162 1809 2235 tradiderunt
1831 2220 1847 2251 ‚
1892 2162 2027 2231 sub
2062 2187 2185 2258 spe
2216 2163 2413 2258 quod
2443 2188 2561 2233 rex
2586 2215 2604 2247 ‚
2657 2188 2793 2260 pro
2824 2162 2935 2233 his
2985 2190 3141 2261 quae

1012 2281 1145 2353 sibi
1176 2282 1416 2353 oblata
1451 2280 1730 2351 fuerant
1761 2280 1945 2373 (quae
1977 2303 2233 2373 magna
2268 2280 2589 2375 profecto
2616 2296 2845 2371 erant,
2872 2295 2943 2350 et
2977 2282 3142 2353 talia

1012 2424 1162 2470 esse
1179 2396 1630 2487 videbantur,
1648 2395 1738 2466 de
1760 2394 2019 2491 quibus
2037 2394 2290 2464 merito
2307 2396 2700 2466 contentari
2718 2394 3138 2492 debuisset),

1013 2515 1207 2613 pacis
1279 2512 1768 2583 conditionem
1829 2511 2391 2608 amplecteretur.
2455 2510 2593 2579 Sed
2650 2511 2796 2607 ipse
2851 2526 3145 2608 propter

1015 2628 1413 2700 oblationes
1455 2626 1589 2697 sihi
1629 2627 1867 2708 factas,
1899 2650 2149 2722 pacem
2185 2625 2503 2721 polliceri
2544 2650 2692 2696 non
2725 2626 2976 2717 voluit,
3014 2628 3144 2697 nisi

1017 2746 1564 2843 desponsaretur
1606 2743 1759 2840 ipsa
1825 2742 2041 2813 filiola
2088 2766 2213 2811 sua
2278 2740 2425 2811 filio
2479 2767 2608 2812 suo
2664 2743 3142 2840 delphinO...⁴

1103 3013 1158 3067 1.
1203 3012 1307 3068 Ces
1351 3009 1736 3087 propositions
1782 3020 1911 3065 sont
1948 3006 2081 3064 bien
2124 3008 2293 3065 celles
2340 3008 2437 3083 qui
2486 3009 2675 3065 furent
2714 3007 2872 3066 faites
2910 3027 3019 3086 par
3064 3010 3143 3068 les

1017 3104 1257 3183 deputes
1294 3104 1393 3161 des
1430 3094 1606 3161 Etats.
1651 3107 1730 3160 M.
1776 3101 2039 3159 Gachard
2073 3122 2145 3159 en
2176 3122 2209 3159 a
2236 3122 2309 3159 eu
2334 3103 2499 3159 l’acte
2536 3115 2697 3159 entre
2730 3103 2812 3159 les
2841 3102 3061 3173 mainS,
3094 3117 3145 3160 et

1015 3200 1052 3257 il
1083 3201 1165 3256 les
1193 3200 1303 3256 cite
1337 3199 1480 3256 dans
1520 3218 1622 3255 son
1663 3196 1940 3253 Memoire
1986 3216 2083 3252 sur
2121 3198 2175 3252 16
2204 3195 2501 3273 jugement
2533 3196 2631 3252 des
2672 3196 2956 3251 ministres
2988 3196 3066 3253 de
3094 3198 3145 3252 la

1017 3292 1315 3351 duchesse.
1357 3297 1637 3349 Bulletins
1663 3294 1735 3345 de
1764 3290 2115 3346 l'Acachmie
2144 3294 2336 3361 royale
2363 3293 2433 3345 cle
2462 3293 2784 3361 Bruxelles,
2818 3289 2857 3345 l.
2889 3309 2943 3347 e.

1095 3404 1154 3457 Ξ.
1200 3401 1330 3457 Ceei
1363 3399 1481 3456 doit
1510 3398 1838 3455 s’entcndre
1866 3397 1963 3453 des
1992 3396 2427 3454 ambassadeurs
2454 3395 2524 3453 (16
2555 3397 2611 3453 13
2640 3395 2938 3454 duchesse.

1099 3510 1156 3563 3.
1203 3509 1284 3562 La
1332 3508 1443 3561 cite'
1478 3505 1711 3561 d'Arras
1737 3548 1752 3576 ‚
1785 3505 2039 3581 quartier
2076 3505 2148 3561 (16
2184 3505 2239 3561 13
2267 3504 2598 3576 juridiction
2642 3503 2994 3581 episcopale,
3046 3525 3148 3582 par

1017 3600 1340 3677 opposition
1374 3603 1404 3656 a
1434 3600 1488 3656 la
1525 3605 1653 3655 ville
1677 3645 1691 3669 ‚
1733 3601 1829 3676 qui
1865 3601 2000 3656 etait
2027 3602 2080 3657 le
2118 3600 2399 3657 territoirc
2443 3598 2515 3656 (16
2544 3600 2595 3656 13
2642 3618 2949 3657 commune
2986 3614 3045 3656 et
3080 3600 3148 3655 de

1016 3691 1280 3769 l‘abbaye
1315 3693 1386 3749 (16
1423 3693 1802 3751 Saint-Vaast.
1843 3700 1922 3751 Le
1955 3694 2037 3750 roi
2068 3715 2105 3769 y
2145 3695 2201 3749 fit
2245 3712 2349 3750 son
2379 3694 2571 3751 entr‹'·e
2601 3695 2654 3750 le
2683 3698 2715 3751 4
2746 3713 2930 3759 mars,
2965 3717 2993 3744 t
3029 3714 3145 3752 non

1019 3787 1180 3865 point
1226 3799 1330 3865 pa‘r
1366 3787 1549 3855 soree,
1585 3786 1724 3843 mais
1754 3808 1856 3864 par
1884 3787 2000 3844 bon
2038 3788 2222 3843 voloir
2251 3788 2348 3843 des
2388 3787 2673 3845 ‹lessusdis
2717 3786 2790 3843 de
2834 3787 2888 3844 la
2930 3786 3044 3844 citt}
3070 3832 3086 3856 ,
3118 3792 3148 3843 ὲ

1021 3900 1190 3939 cause
1232 3900 1345 3957 que
1387 3880 1557 3937 ladite
1593 3881 1797 3958 plache
1839 3882 1997 3937 estoit
2040 3882 2270 3951 sienne,
2315 3902 2538 3938 comme
2579 3880 2812 3939 cambre
2844 3880 2914 3937 de
2948 3899 3084 3957 roy.
3120 3908 3140 3930 -

1018 3974 1254 4032 Journal
1284 3974 1354 4030 de
1380 3973 1512 4030 dom
1541 3974 1762 4031 Gerard
1801 3973 2047 4043 Robert,
2088 3974 2364 4050 religieux
2399 3974 2471 4030 (16
2490 3974 2843 4031 Saint-Vaast
2877 3972 3145 4037 d'Arras,

1017 4066 1213 4144 public
1245 4088 1348 4144 par
1375 4066 1726 4124 l‘Academie
1752 4068 1985 4125 d‘Arras
2013 4072 2237 4142 (1852),
2268 4089 2327 4146 p.
2366 4074 2423 4128 9.

1102 4178 1156 4231 [ι.
1205 4180 1434 4233 Lacune
1477 4175 1616 4230 dans
1654 4175 1708 4230 le
1749 4194 1907 4243 sens,
1944 4176 2193 4250 quoique
2222 4176 2276 4232 le
2310 4189 2463 4232 texte
2502 4196 2561 4231 se
2594 4175 2753 4231 suive
2802 4193 2930 4230 sans
2959 4173 3147 4230 inter-

1017 4270 1244 4345 ruption
1279 4268 1418 4325 dans
1448 4268 1500 4323 16
1530 4268 1858 4325 manuscrit.
2889 4256 2898 4266 ¹
