3400 5417
1035 510 1151 566 258
1896 509 2308 580 Ammon,

1036 641 1206 727 Nec,
1246 637 1444 736 quod
1477 639 1577 710 ita
1606 640 1984 734 egerimus,
2025 641 2553 742 poenitudinem
2590 641 2683 712 de
2726 641 2873 714 hoc
2930 669 3153 741 gerere

1033 779 1436 854 possumuS‚
1487 781 1645 852 quae
1693 755 1787 828 de
1822 759 2053 848 malis,
2097 783 2247 830 non
2283 758 2500 833 bonis
2538 774 2642 829 est
2678 759 3025 858 operibus
3058 787 3154 835 as-

1030 871 1403 946 sumenda.
1441 876 1718 945 Testem
1750 875 1946 946 enim
1976 875 2397 947 invocamus
2440 879 2717 968 Deum,
2774 879 2979 976 quod
3028 881 3155 952 hoc

1030 1013 1180 1058 non
1236 989 1646 1086 temporalis
1699 990 1880 1062 lucri
1928 1005 2052 1063 aut
2088 1005 2385 1063 terrenae
2420 991 2720 1090 alicujus
2775 993 3156 1067 affectionis

1029 1105 1244 1198 gratia
1267 1161 1285 1198 ,
1323 1105 1450 1177 sed
1495 1107 1774 1178 sincera
1810 1108 2098 1181 caritate
2132 1122 2428 1208 propter
2462 1109 2769 1210 proximi
2820 1111 2897 1181 in
2940 1114 3154 1184 Deum

1026 1247 1348 1294 amorem
1381 1238 1453 1295 et
1476 1224 1936 1296 dilectionem
1968 1226 2381 1323 agebamuS,
2410 1227 2658 1315 etiam,
2693 1227 2803 1298 uti
2828 1225 3147 1319 diximus,

1023 1337 1116 1412 ab
1146 1342 1301 1437 ipso
1333 1365 1496 1435 rege
1530 1342 1848 1438 requisiti
1882 1357 1953 1412 et
2013 1345 2270 1440 rogati.
2316 1347 2403 1414 Et
2434 1343 2661 1415 multa
2693 1343 2999 1440 quidem
3034 1344 3151 1417 alia

1018 1456 1094 1525 in
1115 1457 1370 1528 eodem
1404 1456 1648 1528 libello
1681 1473 2021 1532 contenta
2046 1473 2253 1532 erant
2283 1473 2495 1556 atque
2523 1460 2793 1532 inserta
2820 1457 2919 1532 ad
2952 1459 3151 1534 finem

1018 1572 1495 1668 persuadendi
1535 1572 1629 1644 ad
1669 1575 1870 1670 regni
1903 1590 1973 1644 et
2006 1573 2443 1677 populorum
2480 1573 2808 1677 ejusdem
2842 1573 3148 1649 subleva·

1019 1685 1290 1758 tionem
1336 1701 1409 1757 et
1437 1688 1723 1787 justitiae
1774 1689 2082 1760 multum
2132 1689 2419 1788 dilapsae
2460 1704 2535 1760 et
2574 1689 2908 1762 laceratae
2949 1689 3149 1762 refor-

1018 1803 1437 1896 mationem,
1477 1818 1555 1873 ut
1579 1802 1672 1875 ad
1701 1827 1786 1876 ea
1815 1802 2191 1878 efficienda
2225 1820 2298 1876 et
2324 1804 2761 1903 complenda
2781 1806 3149 1904 proclivio-

1013 1942 1169 1989 rem
1200 1920 1384 2015 regis
1435 1920 1759 1991 animum
1792 1919 2279 1994 redderemus.
2323 1925 2593 1995 verum
2627 1945 2777 2018 quo
2812 1924 3061 1994 animo
3092 1938 3149 1995 et

1015 2057 1158 2129 qua
1199 2050 1439 2108 mente
1479 2051 1627 2108 tam
1656 2036 1977 2107 salubres
2004 2051 2074 2109 et
2104 2051 2384 2110 sanctas
2411 2039 3030 2110 commonitiones
3054 2064 3148 2110 re·

1017 2153 1310 2248 ceperit,
1351 2150 1538 2222 facto
1565 2167 1815 2249 postea
1842 2153 2084 2252 palam
2112 2153 2301 2244 fecit,
2328 2154 2492 2226 licet
2532 2167 2705 2226 tunc
2735 2177 2881 2252 pro
2908 2179 3149 2250 magna

1016 2267 1242 2361 gratia
1268 2293 1387 2340 eas
1415 2269 1775 2366 suscipere
1809 2293 1895 2342 ac
1932 2269 2323 2366 plurimum
2347 2268 2755 2369 approbare
2787 2285 2867 2347 et
2912 2270 3149 2344 confir-

1013 2408 1211 2455 mare
1239 2383 1476 2456 verbis
1502 2384 1944 2474 ostenderet,
1988 2386 2082 2457 ita
2116 2401 2229 2477 ut,
2262 2411 2415 2457 non
2442 2385 2667 2458 modo
2702 2388 3143 2477 sententiam,

1011 2500 1136 2573 sed
1161 2502 1382 2598 ipsius
1405 2527 1606 2600 paene
1631 2517 1891 2573 nostrae
1915 2501 2434 2574 cohortationis
2460 2517 2676 2601 atque
2692 2502 2929 2575 libelli
2948 2503 3149 2575 verba

1017 2632 1186 2688 tunc
1233 2619 1646 2689 memoriter
1683 2618 1904 2689 verba
1960 2633 2201 2690 tenere
2240 2616 2625 2712 videretur,
2677 2619 3149 2718 quemadmo-

1014 2732 1192 2804 dum
1233 2758 1278 2805 a
1309 2733 1632 2830 quodam
1681 2738 1840 2809 viro
1898 2736 2287 2810 venerabili
2344 2751 2415 2807 et
2464 2735 2683 2809 docto
2712 2739 3143 2836 accepimuS,

1014 2846 1358 2921 redeunte
1401 2865 1576 2922 tunc
1634 2851 1727 2924 de
1786 2855 1985 2926 curia
2027 2853 2247 2948 regis,
2285 2851 2378 2923 ad
2415 2877 2637 2950 quam
2687 2878 2829 2954 pro
2888 2853 3147 2926 eisdem

1014 2966 1244 3035 causis
1321 2989 1366 3038 a
1447 2968 2008 3065 provincialibus
2081 2970 2309 3041 suerat
2392 2968 2859 3042 destinatus¹.
2962 2973 3145 3044 Petiit

1009 3083 1276 3179 quippe
1325 3107 1368 3155 a
1405 3083 1619 3154 uobis
1661 3101 1729 3156 et
1770 3109 2032 3181 magna
2064 3111 2360 3183 precum
2399 3089 2676 3184 rogavit
2706 3089 3051 3161 instantia
3079 3103 3145 3158 ut

1009 3197 1102 3267 de
1136 3198 1258 3268 illo
1290 3198 1560 3290 libello,
1600 3199 1692 3270 de
1718 3225 1863 3297 quo
1900 3203 1973 3272 in
2008 3202 2261 3274 eadem
2298 3204 2495 3273 curia
2526 3206 2981 3276 mentionem
3010 3205 3145 3275 fieri

1011 3313 1405 3407 audiverat,
1443 3317 1727 3414 copiam
1762 3316 1893 3387 sibi
1932 3319 2159 3390 facere
2193 3319 2675 3413 dignaremur.
2719 3327 2967 3409 Quem
2995 3348 3147 3394 cum

1009 3428 1402 3524 perlectum
1456 3454 1494 3500 a
1552 3429 1871 3524 quodam
1928 3447 2172 3502 nostro
2219 3433 2501 3503 notario
2547 3433 2917 3526 audiisset,
2970 3435 3145 3506 affir-

1012 3546 1230 3613 mavit
1282 3571 1445 3614 cum
1496 3562 1941 3617 sacramento
1976 3573 2048 3616 se
2082 3573 2281 3644 paene
2328 3563 2555 3620 totam
2608 3551 2762 3645 ejus
2819 3549 3145 3622 substan-

1011 3660 1183 3728 tiam
1220 3674 1290 3729 et
1321 3661 1586 3731 eisdem
1625 3662 1844 3733 ferme
1881 3663 2115 3733 verbis
2163 3689 2203 3734 a
2242 3689 2403 3759 rege
2441 3665 2819 3737 audivisse.

1115 3781 1409 3870 Verum,
1452 3794 1522 3848 ut
1564 3779 1905 3870 diximus,
1950 3805 2167 3875 quam
2207 3781 2382 3851 altas
2428 3782 2501 3852 in
2537 3782 2689 3879 ejus
2729 3785 2983 3857 animo
3018 3787 3139 3855 hu-

1093 4001 1148 4056 1.
1198 4001 1492 4056 Pom-cire
1527 4001 1774 4058 lauteur
1800 4005 2010 4061 veut-il
2040 4007 2232 4082 parler
2265 4007 2339 4066 ici
2374 4009 2445 4065 de
2485 4009 2749 4088 l't'wcque
2788 4012 3137 4072 d‘Auxerre.

1009 4089 1148 4167 qu’il
1195 4091 1509 4168 tbmoigne,
1551 4094 1692 4150 dans
1728 4096 2020 4154 l’Histoire.
2062 4099 2139 4156 ‹lu
2176 4101 2353 4178 regne
2381 4101 2453 4159 de
2477 4105 2652 4160 Louis
2682 4107 2802 4175 xl,
2833 4109 2959 4164 &tre
2997 4128 3138 4165 venu

1011 4184 1324 4242 demandet·
1373 4208 1487 4245 une
1522 4191 1855 4267 exemption
1905 4192 2175 4272 d'impots
2211 4217 2360 4274 pour
2394 4219 2472 4257 un
2512 4202 2719 4279 village
2762 4202 3033 4261 incendit}
3076 4203 3138 4259 de

1008 4300 1109 4334 son
1143 4279 1391 4344 diocese.
1424 4285 1572 4357 Voy.
1604 4297 1643 4343 t.
1674 4287 1752 4352 ΙΙ,
1784 4305 1848 4360 p..
1878 4289 1975 4344 30.
