3400 5417
1024 485 1139 543 ato
1877 478 2291 569 nomeu,

1024 610 1098 681 in
1132 609 1436 707 patriam
1470 621 1541 679 et
1580 609 1946 707 proximos
1986 610 2294 681 maxime
2326 621 2398 679 et
2421 606 2784 706 potissime
2817 606 3150 678 manifes-

1022 738 1237 817 tatur,
1304 748 1523 821 quam
1545 776 1565 814 ,
1630 737 1804 797 teste
1861 724 2186 814 veritate,
2253 723 2596 819 majorem
2655 746 2876 793 nemo
2935 718 3150 793 habet

1021 864 1239 937 quam
1272 853 1352 911 ut
1381 841 1697 914 animam
1731 854 1957 939 ponat
1985 864 2120 938 pro
2157 839 2403 912 amicis
2435 840 2603 910 suis,

1112 960 1247 1027 Pro
1298 956 1419 1027 tali
1469 956 1683 1051 igitur
1727 956 1917 1048 ze10,
1967 970 2038 1025 et
2089 970 2170 1026 ut
2211 955 2504 1053 piorum
2549 966 2894 1025 votorum
2941 966 3148 1048 atque

948 1110 955 1117 ·
1012 1072 1531 1144 desideriorum
1596 1072 1999 1143 fructuosus
2061 1085 2476 1168 sequeretur
2528 1070 2824 1141 effectus
2842 1122 2866 1155 ,
2941 1069 3146 1139 etiam

1008 1204 1421 1261 constanter
1467 1214 1733 1261 munus
1791 1188 2164 1283 legationis
2218 1212 2354 1286 pro
2409 1186 2698 1285 praefato
2757 1186 2953 1280 regis
3001 1210 3148 1280 ger-

1006 1328 1225 1375 mano
1272 1305 1520 1402 (quem
1572 1329 1693 1375 rex
1751 1304 2009 1375 ducem
2068 1303 2475 1401 praefecerat
2519 1304 3012 1390 Normanniae,
3079 1316 3147 1370 ut

1002 1445 1218 1520 supra
1257 1423 1685 1511 retulimus¹,
1726 1436 1796 1492 et
1839 1436 1920 1492 ut
1951 1420 2052 1512 ei,
2095 1436 2440 1516 tanquam
2485 1419 2774 1491 sibimet
2818 1433 2895 1490 et
2937 1418 3146 1490 veluti

1001 1562 1256 1609 eorum
1284 1539 1600 1632 legitimo
1637 1537 1831 1625 duci,
1858 1551 2193 1635 parerent
2227 1534 2566 1607 omnibus
2586 1535 3146 1634 provincialibus

1002 1652 1467 1725 mandaverat
1488 1709 1506 1741 ,
1563 1652 1858 1723 eosdem
1912 1650 2290 1723 absolvens
2335 1650 2429 1723 ab
2492 1652 2693 1722 omni
2737 1649 3146 1747 juramento

1002 1766 1307 1838 hominii
1342 1783 1414 1838 et
1454 1766 1810 1839 fidelitatis
1836 1822 1854 1858 ‚
1898 1754 2057 1865 quae
2091 1765 2229 1838 sibi
2273 1782 2567 1865 perante
2616 1767 3144 1864 praestitissent)

1001 1884 1092 1955 ad
1138 1885 1443 1957 illustres
1496 1885 2090 1982 Burgundionum
2135 1885 2531 1983 principes,
2575 1883 3006 1982 Philippum
3036 1908 3148 1981 pa-

867 2041 879 2055 ·
999 2015 1183 2071 trem
1228 2016 1299 2071 et
1330 2002 1482 2097 ejus
1516 2001 1743 2071 filium
1794 2001 2176 2093 Kar-olum,
2214 2000 2472 2072 ducem
2527 2000 3006 2091 modernum,
3043 2024 3142 2072 as-

999 2116 1456 2214 sumpsimus,
1530 2120 1750 2213 Cujus
1808 2132 2148 2216 susceptae
2214 2117 2587 2212 legationis
2646 2115 2830 2188 dum
2882 2142 3148 2188 munus

997 2233 1285 2326 exsequi
1346 2256 1515 2303 cum
1567 2233 1769 2303 omni
1807 2231 1949 2303 fide
1999 2257 2084 2304 ac
2134 2232 2499 2327 diligentia
2552 2255 3017 2325 curaremus,
3073 2247 3150 2302 ut

997 2371 1213 2444 supra
1241 2347 1451 2419 latius
1481 2348 1988 2439 narravimus²‚
2033 2372 2076 2420 a
2115 2372 2278 2443 rege
2324 2347 2517 2418 idem
2550 2373 2720 2419 suus
2761 2372 3148 2444 germanus

1004 2464 1444 2535 Normannia
1478 2464 1728 2562 pulsus
1748 2479 1820 2534 et
1849 2464 2113 2559 ejectus
2146 2464 2314 2554 suit3
2341 2480 2412 2536 et
2437 2462 2742 2537 subinde
2771 2489 2816 2536 e
2853 2467 3148 2561 vestigio

999 2593 1251 2649 contra
1312 2580 1577 2649 multos
1605 2634 1627 2670 ,
1682 2579 1808 2675 qui
1856 2579 2166 2651 fautores
2228 2581 2292 2651 ei
2349 2581 2761 2651 exstiterant
2831 2582 2952 2653 vel
3019 2607 3150 2653 ser-

999 2693 1297 2782 vierant,
1338 2695 1538 2765 furor
1567 2709 1637 2764 et
1665 2693 1901 2766 rabies
1938 2696 2451 2793 persecutionis
2479 2694 2882 2769 incanduit.
2909 2700 3146 2784 Quam

1000 2824 1188 2880 certe
1223 2835 1371 2880 non
1399 2810 1759 2880 immerito
1787 2800 2206 2904 metuentes,
2244 2814 2570 2910 proprias
2594 2812 2798 2884 sedes
2825 2831 3148 2911 repetere

1001 2924 1429 3017 distulimuS,
1466 2926 1700 2996 donec
1735 2928 2031 2998 remisso
2075 2944 2145 2999 et
2180 2944 2577 3027 temperato
2616 2943 3015 3026 utcumque
3049 2933 3148 3003 fu-

1003 3064 1165 3111 rore
1191 3097 1209 3133 ,
1249 3042 1659 3113 securitates
1696 3056 1767 3113 et
1808 3042 2238 3128 abolitiones
2280 3045 2728 3143 amplissimae
2761 3046 3020 3119 edictis
3045 3074 3146 3119 re-

1005 3158 1280 3251 galibus
1309 3184 1435 3257 per
1468 3176 1701 3232 totum
1740 3188 2037 3257 regnum
2067 3162 2442 3260 publicatae
2475 3164 2920 3237 exstiterunt.

1105 3277 1242 3348 Ubi
1264 3291 1502 3347 autem
1525 3277 1769 3349 sedem
1802 3280 2174 3376 ipsamque
2202 3281 2573 3352 ecclesiam
2597 3295 2920 3353 nostram
2943 3307 3142 3381 repe-

1004 3405 1151 3463 tere
1191 3392 1662 3481 decrevimus,
1705 3394 1795 3464 de
1821 3394 2232 3490 hujusmodi
2270 3397 2506 3491 gratiis
2540 3411 2608 3467 et
2643 3398 3140 3470 securitatibus

1005 3507 1296 3598 confisi,
1358 3534 1489 3579 nec
1550 3509 1914 3581 dioecesim
1978 3512 2290 3605 ingredi,
2358 3537 2491 3583 nec
2560 3513 2786 3583 ullum
2849 3516 2926 3584 in
2989 3532 3140 3587 toto

1002 3648 1223 3715 regno
1275 3623 1647 3695 latibulum
1683 3625 1777 3696 ad
1817 3626 2263 3721 degendum,
2306 3629 2465 3699 ullis
2491 3629 2828 3727 precibus
2861 3646 2986 3702 aut
3031 3634 3137 3702 in-

1004 3738 1567 3810 terventionibus
1600 3766 1725 3809 seu
1758 3741 2106 3837 suffragiis
2138 3743 2535 3814 amicorum
2577 3746 2960 3843 impetrare
3009 3774 3136 3845 po-

1005 3857 1299 3945 tuimus;
1340 3855 1466 3925 sed
1490 3857 1898 3945 violentiaS,
1950 3858 2341 3932 calumnias
2368 3874 2438 3931 et
2471 3860 2713 3953 dolos,
2746 3861 2843 3933 de
2877 3862 3138 3959 quibus

1082 4112 1138 4166 1.
1185 4108 1507 4179 Ci-dessus,
1547 4130 1607 4187 p.
1642 4113 1781 4167 261.

1081 4208 1135 4261 2.
1186 4205 1514 4274 Ci-desSuS,
1550 4226 1607 4283 p.
1643 4209 1781 4263 271.
