3400 5417
1145 496 1365 551 LIBER
1402 492 1702 553 SEXTUS.
2375 496 2483 551 121

364 627 827 724 respuebant,
887 626 1330 699 contrarium
1372 626 1447 696 in
1481 625 1697 720 vulgo
1750 624 1954 695 omni
2004 622 2123 695 die
2164 623 2490 696 dissemi-

366 756 615 815 nantes
634 796 656 831 ,
694 741 893 839 quod
920 744 1127 814 novis
1158 742 1481 839 quotidie
1520 739 1912 840 pascebant
1952 753 2024 810 et
2055 739 2492 814 deludebant

364 858 755 931 mendaciis
786 875 859 931 et
888 857 1244 955 figmentis
1267 914 1288 953 ,
1325 873 1408 930 ut
1437 860 1671 957 ipsum
1692 911 1712 947 ‚
1751 854 2246 929 miserabiliter
2276 856 2494 929 afflic-

365 989 513 1046 tum
558 989 632 1045 et
682 974 1144 1071 defatigatum
1164 1029 1183 1065 ,
1221 974 1480 1047 talibus
1512 973 1605 1045 ab
1656 972 1962 1045 inventis
1995 988 2385 1068 utcumque
2418 973 2489 1043 in

365 1113 561 1188 spem
594 1090 947 1187 erigerent
978 1107 1049 1163 et
1088 1116 1132 1163 a
1167 1090 1556 1163 rebellione
1583 1114 1669 1162 ac
1708 1113 2077 1160 murmure
2113 1088 2493 1160 adversum

365 1231 435 1277 se
466 1205 914 1291 cohiberent.
954 1208 1272 1280 Tandem
1303 1222 1545 1279 tamen
1564 1260 1582 1295 ,
1633 1221 1797 1305 post
1846 1206 2121 1302 aliquot
2166 1230 2494 1277 emensos

366 1348 678 1413 menseS,
730 1348 899 1397 cum
949 1324 1226 1420 liquido
1281 1338 1732 1421 compertum
1785 1321 2169 1395 haberetur
2221 1346 2494 1393 merca-

366 1452 549 1510 tores
594 1439 789 1510 ultro
824 1441 1146 1535 citroque
1190 1464 1317 1511 sua
1366 1438 1590 1510 libere
1637 1462 1966 1509 exercere
2011 1436 2443 1508 commercia
2467 1490 2486 1525 ,

368 1550 454 1623 de
501 1552 990 1651 publicatione
1043 1555 1260 1626 etiam
1320 1554 1539 1651 ipsius
1591 1554 1786 1651 pacis
1806 1607 1824 1642 ,
1862 1551 2275 1623 solemniter
2325 1574 2493 1621 cum

368 1668 631 1763 ingenti
689 1670 927 1743 laetitia
976 1694 1106 1767 per
1154 1671 1401 1742 omnia
1449 1670 1755 1765 insignia
1823 1667 2093 1766 oppida
2138 1681 2493 1739 terrarum

368 1782 561 1855 ducis
633 1784 875 1884 [facta]
902 1840 919 1875 ‚
975 1786 1216 1884 palam
1275 1786 1614 1858 omnibus
1671 1788 2180 1872 innotesceret,
2240 1808 2492 1882 pacem

368 1900 461 1969 sic
523 1898 783 1974 factam
804 1955 823 1990 ,
892 1902 1093 1973 inviti
1154 1901 1320 1973 licet
1386 1917 1459 1973 et
1533 1902 1924 1999 plurimum
1989 1900 2486 1986 abhorrenteS,

367 2015 649 2089 credere
682 2018 1035 2115 compulsi
1069 2033 1257 2089 sunt.

458 2131 834 2205 Jactahant
865 2159 1038 2206 vero
1071 2158 1231 2206 eam
1269 2133 1395 2205 diu
1428 2159 1576 2205 non
1615 2134 1766 2205 fore
1798 2132 2213 2203 duraturam
2248 2130 2493 2226 (quod

366 2250 547 2318 Deus
576 2249 970 2321 clementer
1001 2264 1272 2321 avertat
1304 2247 1317 2319 ἒ
1347 2248 1373 2344 )
1408 2266 1479 2320 et
1512 2250 1586 2319 in
1609 2247 2102 2343 hujuscemodi
2141 2244 2319 2317 fictis
2353 2272 2494 2317 ser-

368 2365 733 2455 monibus,
773 2390 957 2461 quos
1010 2366 1291 2437 assidue
1320 2367 1396 2436 in
1445 2366 1659 2463 vulgo
1712 2355 2320 2452 disseminabant,
2359 2390 2490 2462 po-

370 2496 604 2552 nentes
626 2504 834 2579 spem
863 2504 1065 2553 suam
1099 2481 1555 2554 mendacium
1575 2536 1594 2572 ,
1624 2506 1774 2554 sese
1803 2496 1875 2553 et
1902 2484 2002 2552 eis
2025 2481 2486 2569 adhaerente5‚

372 2599 463 2667 uti
510 2614 879 2697 poterant,
925 2597 1368 2671 solabantur.
1408 2601 1594 2671 Sane
1639 2599 1696 2670 si
1733 2622 1934 2669 mens
1969 2600 2071 2669 eis
2116 2622 2266 2667 non
2309 2622 2494 2670 caeca

369 2727 570 2810 atque
615 2715 870 2786 insana
920 2714 1160 2786 fuisset
1180 2768 1200 2804 ‚
1253 2716 1420 2787 satis
1454 2714 1713 2785 moniti
1747 2738 1899 2786 esse
1954 2712 2352 2785 debuerant
2401 2713 2493 2783 de

370 2827 485 2901 illo
507 2883 527 2920 ,
561 2830 767 2927 quod
798 2830 1121 2927 quotidie
1158 2832 1248 2902 de
1281 2856 1481 2903 sacro
1518 2830 1797 2928 psalmo
1825 2854 1955 2928 per
1988 2854 2240 2900 omnes
2272 2828 2494 2900 eccle·

370 2944 496 3016 sias
527 2948 808 3019 canitur
845 2972 864 3015 :
917 2947 1202 3018 «Nolite
1238 2946 1603 3018 confidere
1654 2948 1729 3017 in
1781 2946 2225 3044 principibus
2259 2970 2492 3042 neque

369 3060 437 3130 in
470 3060 629 3134 filiis
663 3063 1075 3153 hominum,
1115 3064 1188 3133 iu
1220 3062 1481 3160 quibus
1516 3088 1665 3133 non
1695 3077 1801 3133 est
1833 3062 2045 3133 saluS.
2075 3062 2338 3133 »Unde
2367 3086 2494 3158 per

368 3178 739 3250 Jeremiam
777 3179 1204 3277 perpulchre
1246 3184 1436 3251 Deus
1486 3176 1673 3275 [nos]
1722 3176 2065 3248 admonet
2105 3178 2434 3271 inquiens
2468 3204 2484 3247 t

373 3296 849 3367 «Maledictus
915 3297 1038 3390 qui
1100 3296 1399 3367 confidit
1454 3297 1529 3366 in
1594 3296 1937 3387 homine,
1986 3310 2056 3366 et
2106 3295 2231 3391 qui
2285 3296 2493 3392 ponit

368 3435 649 3485 carnem
708 3411 1084 3484 brachium
1140 3438 1382 3502 suum,
1436 3426 1507 3482 et
1572 3411 1857 3481 recessit
1906 3436 1948 3483 a
1999 3411 2314 3481 Domino
2364 3435 2490 3481 cor

369 3527 531 3620 ejus.
573 3560 607 3596 n
669 3531 807 3600 Sed
860 3545 1330 3600 excaecaverat
1371 3552 1495 3599 eos
1533 3525 1854 3624 profecto
1891 3526 2157 3598 malitia
2192 3550 2437 3598 eorum
2465 3582 2482 3617 ,

370 3641 607 3739 hisque
668 3647 870 3716 vanis
919 3644 1371 3715 illusionibus
1430 3660 1498 3715 et
1558 3643 1949 3713 mendaciis
2001 3657 2324 3713 auctores
2378 3668 2484 3713 re-

370 3755 693 3832 bellionis
740 3779 951 3858 atque
984 3786 1236 3833 eorum
1289 3777 1742 3832 assectatores
1803 3762 2103 3849 merito,
2160 3786 2291 3859 pro
2349 3762 2490 3830 suis

371 3874 876 3969 impietatibus,
938 3877 1173 3974 decipi
1225 3875 1931 3981 merebantumSatis
1980 3879 2192 3948 etiam
2250 3878 2488 3947 multis

373 3988 440 4057 in
493 3991 773 4064 casibus
810 4049 827 4084 ,
890 4008 959 4063 et
1016 3994 1307 4087 quidem
1375 3993 1583 4087 longe
1659 3993 2152 4086 gravioribus,
2223 3994 2484 4087 regiam

376 4102 622 4195 fidem,
684 4110 739 4179 si
798 4110 973 4206 quid
1040 4125 1412 4205 saperent,
1476 4124 1916 4206 compertam
1975 4124 2303 4207 poterant
2356 4109 2482 4178 ha-

372 4217 622 4294 buisse.
