3400 5417
1064 544 1283 600 LIBER
1331 544 1733 603 SECUNDUS.
2359 544 2472 602 357

1084 878 1596 949 CAPITULUM
1647 880 1735 948 ΙΙ.

324 1090 501 1157 Quod
521 1133 534 1155 ,
561 1092 694 1144 sicut
718 1089 1035 1161 dignitatum
1063 1091 1298 1143 culmina
1320 1090 1697 1161 temporalium
1729 1090 1913 1143 beatos
1949 1089 2168 1143 minime
2208 1091 2477 1159 efficiunt,

750 1180 823 1233 ita
849 1199 948 1233 nec
974 1198 1161 1232 eorum
1185 1180 1443 1233 abscessio
1468 1198 1558 1233 seu
1582 1179 1814 1233 carentia
1835 1178 2073 1234 miseros.

439 1367 655 1455 Quod
709 1368 767 1438 si
811 1392 1065 1439 eorum
1118 1370 1531 1440 consecutio
1575 1383 1645 1439 et
1679 1368 2084 1467 praesentia,
2133 1393 2299 1438 cum
2349 1370 2480 1441 rite

326 1483 549 1554 etiam
606 1483 1050 1577 obtinentur,
1099 1482 1346 1556 beatos
1391 1486 1686 1556 minime
1737 1484 2079 1573 efficiunt,
2130 1510 2262 1555 nec
2309 1510 2482 1583 pro-

330 1600 550 1693 fect0,
586 1626 752 1671 cum
794 1602 1065 1673 abeunt
1099 1618 1169 1672 et
1209 1602 1547 1673 deserunt
1579 1626 2044 1699 possessores,
2085 1602 2221 1672 nisi
2262 1601 2483 1673 iidem

327 1742 486 1787 sese
526 1719 837 1815 primum
874 1719 1236 1807 deserant,
1272 1718 1585 1790 infelices
1627 1744 1750 1789 eos
1786 1733 2000 1815 atque
2037 1719 2331 1789 miseros
2367 1717 2484 1788 de-

329 1833 786 1929 relinquunt,
826 1835 1175 1931 quidquid
1227 1836 1636 1932 imperitum
1689 1835 2170 1932 insipiensque
2230 1835 2481 1930 vulgus

328 1950 427 2020 de
460 1976 545 2023 ea
572 1976 648 2020 re
687 1953 1059 2024 existimet.
1110 1954 1272 2023 lllos
1308 1952 1599 2023 forsitan
1637 1952 1965 2039 dixerim,
2009 1976 2175 2021 cum
2208 1949 2481 2025 abeunt

326 2066 873 2166 abscedantque
931 2069 1023 2140 ab
1077 2069 1213 2157 eiS,
1275 2068 1589 2138 infelices
1654 2083 1867 2165 atque
1925 2068 2220 2138 miseros
2265 2069 2478 2139 relin-

327 2210 580 2281 quere,
622 2189 743 2281 qui
792 2212 959 2256 cum
994 2187 1093 2257 eis
1134 2185 1617 2280 fungerentur,
1672 2185 1840 2282 ipsis
1886 2184 2210 2255 delectati
2243 2184 2478 2256 hono-

330 2300 569 2393 ribus,
616 2304 689 2372 in
727 2304 825 2372 eis
866 2326 1158 2373 omnem
1192 2325 1516 2372 amorem
1554 2317 1624 2371 et
1656 2300 1992 2371 affectum
2030 2324 2273 2391 suum,
2321 2298 2476 2373 tan-

330 2442 549 2513 quam
600 2420 671 2489 in
721 2444 1002 2489 summo
1051 2418 1249 2488 bono
1284 2442 1431 2513 quo
1480 2418 1633 2488 solo
1677 2444 1748 2487 se
1781 2418 2030 2489 beatos
2079 2417 2230 2488 fieri
2282 2418 2471 2490 arbi-

332 2547 712 2624 trarentur,
767 2548 1233 2630 reponerent3
1286 2557 1598 2627 quorum
1655 2533 2106 2603 calamitosos
2153 2558 2356 2605 casus
2406 2549 2476 2604 et

329 2649 573 2743 tragici
632 2664 701 2719 et
762 2651 1221 2747 quamplures
1285 2650 1745 2719 historiarum
1799 2648 2212 2745 scriptores,
2280 2649 2475 2720 velut

328 2767 559 2835 tristes
595 2780 807 2862 atque
847 2765 1196 2857 infeliceS,
1245 2765 1639 2835 vretulerunt
1674 2777 1744 2833 et
1780 2763 2136 2834 dixerunt.
2178 2765 2473 2861 Sapiens

328 2896 570 2952 autem
615 2883 723 2951 vir
768 2896 839 2952 et
878 2880 1064 2951 bene
1115 2882 1474 2951 institutus
1515 2881 1728 2975 longe
1772 2880 1974 2951 aliter
2007 2880 2466 2971 existimabit,

328 2998 451 3092 qui
476 3054 491 3084 ,
534 2999 589 3067 si
628 2998 719 3068 ad
764 2997 1176 3093 hujusmodi
1229 2995 1618 3091 aliquando
1671 2996 2105 3067 adsciscatur
2147 3012 2217 3068 et
2249 2997 2470 3069 subli-

330 3128 565 3183 metur
615 3115 962 3203 honoreS,
1019 3137 1458 3206 cognoscens
1512 3136 1585 3181 se
1637 3111 1726 3181 ad
1789 3112 2074 3209 pondus
2123 3127 2191 3181 et
2225 3137 2471 3184 curam

330 3230 695 3321 regiminis
742 3254 1169 3325 gravemque
1225 3230 1576 3298 sarcinam
1624 3251 1707 3297 ac
1757 3229 2166 3297 servitutem
2221 3254 2471 3300 evoca-

330 3360 521 3432 tum,
589 3360 967 3439 menteque
1028 3360 1095 3413 et
1146 3345 1387 3413 animo
1442 3343 1832 3441 prudenter
1896 3343 2470 3413 animadvertens

327 3486 552 3556 quam
588 3461 810 3555 fragili
859 3475 928 3529 et
978 3461 1268 3556 ancipiti
1311 3460 1473 3530 loco
1525 3458 1807 3529 culmen
1851 3458 2152 3528 honoris
2196 3473 2470 3555 tempo-

329 3576 493 3646 ralis
526 3576 955 3645 collocatum
990 3575 1101 3664 sit,
1141 3575 1565 3669 quantisque
1594 3572 1807 3655 curiS,
1840 3572 2463 3665 sollicitudinibus,

330 3692 708 3782 molestiis,
768 3690 1097 3788 periculis
1146 3689 1664 3785 timoribusque
1728 3690 2217 3786 suppositum,
2270 3692 2468 3762 nullo

330 3806 555 3876 modo
594 3833 673 3875 ex
717 3806 901 3876 illius
950 3806 1454 3876 consecutione
1492 3805 1766 3875 felicem
1820 3832 1892 3875 se
1945 3806 2302 3902 reputabit
2349 3824 2469 3880 aut

331 3922 649 3994 beatum.
713 3928 792 3992 Et
841 3948 965 4019 per
1010 3922 1176 4011 hoe,
1225 3922 1281 3991 si
1320 3947 1483 3991 eum
1530 3920 1637 3990 vel
1671 3922 1936 4012 honor,
1979 3924 2088 3993 vel
2133 3923 2469 3994 eumdem

334 4042 479 4137 ipse
544 4041 897 4110 honorem
935 4039 1425 4135 dereliquerit,
1481 4038 1679 4108 nullo
1717 4038 1937 4108 modo
1987 4064 2072 4110 ex
2117 4040 2266 4135 ejus
2314 4039 2474 4111 abs-

330 4182 529 4226 cessu
571 4157 677 4226 vel
709 4156 1015 4226 discessu
1051 4181 1123 4225 se
1158 4155 1507 4225 infelicem
1539 4155 1748 4225 ducet
1781 4155 1889 4225 vel
1919 4156 2279 4227 miserum.

432 4273 621 4359 Quin
678 4273 822 4343 imo
873 4273 1359 4369 quamplures,
1410 4272 1532 4367 qui
1592 4271 1698 4341 vel
1757 4271 2028 4369 impetu
2079 4272 2374 4341 fortuna»
2428 4297 2468 4341 a
