3400 5417
902 510 977 564 48
1444 508 1959 566 HISTORIARUM
2001 506 2358 565 LUDOVICI
2401 509 2488 563 xl

898 659 1127 707 annos
1184 649 1554 733 pactarum
1610 650 1682 706 et
1736 636 2146 709 solemniter
2185 639 2211 735 j
2221 653 2586 709 uratarum
2619 660 2792 710 cum
2849 638 3030 711 duce

900 754 1185 843 Car010,
1230 767 1429 850 patre
1486 752 1805 848 ejusdem
1849 755 2324 852 principissae,
2388 756 2660 849 integre
2713 754 3038 827 redderet

899 884 1113 965 atque
1142 870 1584 940 restitueret:
1626 870 2022 941 indicantes
2051 871 2373 968 profecto
2428 896 2502 943 se
2538 872 2778 969 potius
2823 871 3036 943 sortu-

901 1008 1070 1056 nam
1104 999 1174 1055 et
1199 1000 1533 1056 eventum
1577 983 1748 1057 belli
1786 1011 1950 1057 cum
1986 1012 2148 1082 rege
2181 986 2392 1058 malle
2433 988 2776 1085 opperiri,
2821 1012 3037 1083 quam

901 1100 991 1173 de
1024 1102 1184 1173 ullis
1226 1127 1393 1173 cum
1442 1101 1699 1173 eodem
1752 1103 2082 1173 ineundis
2139 1102 2596 1199 pactionibus
2645 1103 2827 1175 velle
2873 1128 3039 1175 con·

902 1216 1145 1289 fidere.
1205 1222 1308 1288 lta
1358 1219 1551 1289 enim
1613 1218 1864 1315 opinio
1932 1220 2253 1310 sinistra,
2316 1219 2514 1315 quod
2577 1246 2696 1291 rex
2768 1221 3036 1291 nemini

906 1357 1226 1428 unquam
1286 1332 1504 1405 fidem
1531 1390 1548 1425 ,
1614 1336 2070 1429 quantumvis
2143 1335 2552 1407 solemniter
2611 1338 3036 1434 promissam

902 1465 1114 1547 atque
1147 1452 1494 1546 juratam,
1539 1476 1818 1521 servare
1855 1468 2301 1544 consuesset,
2336 1456 2663 1525 omnium
2718 1456 3038 1553 ipsorum

904 1566 1159 1636 animis
1216 1565 1328 1661 (ut
1379 1566 1529 1660 jam
1585 1591 1768 1664 saepe
1837 1566 2169 1663 diximus)
2222 1569 2612 1659 insederat,
2683 1582 2761 1638 ut
2801 1568 2894 1638 ab
2958 1593 3042 1640 ea

906 1682 1099 1753 nulla
1158 1682 1229 1751 in
1286 1680 1665 1751 adversum
1697 1683 2156 1777 persuasione
2207 1697 2330 1754 aut
2373 1683 2876 1754 exhortatione
2936 1684 3040 1754 di·

906 1796 1067 1867 velli
1104 1811 1222 1868 aut
1259 1796 1606 1868 dimoveri
1637 1822 1846 1895 posse
1887 1798 2321 1869 viderentur.

1005 1916 1091 1982 Et
1143 1911 1435 2007 quidem
1486 1936 1644 2001 rex,
1708 1913 1906 2010 quod
1961 1914 2169 1989 (cum
2224 1929 2482 2008 treugae
2540 1915 2684 1983 istae
2744 1914 3040 1985 annales

905 2028 1095 2097 initae
1139 2027 1455 2118 fuerant,
1495 2044 1567 2098 et
1606 2042 1888 2127 tempus
1928 2043 1999 2099 et
2033 2030 2270 2113 locuS,
2312 2027 2402 2099 ad
2455 2027 3040 2099 conveniendum

908 2169 1040 2242 pro
1082 2145 1451 2216 tractanda
1503 2145 1613 2215 vel
1649 2170 1863 2242 pace,
1911 2146 2016 2215 vel
2060 2145 2535 2241 productione
2586 2159 3034 2238 treugarum,

908 2258 1256 2354 condicti)
1310 2276 1599 2358 cuperet
1656 2286 1906 2357 pacem
1951 2261 2350 2350 conciliari,
2399 2258 2830 2357 quibusdam
2876 2262 3043 2331 satis

908 2374 1403 2471 probabilibus
1452 2377 1732 2447 indiciis
1779 2377 2206 2448 ostenderat.
2268 2381 2447 2447 Nam
2493 2392 2558 2446 et
2598 2375 2864 2445 militiae
2899 2400 3041 2445 suae

910 2487 1382 2583 stipendiariae
1429 2489 1622 2559 mille
1679 2502 1750 2558 et
1809 2489 2112 2584 amplius
2166 2489 2481 2573 lanceaS,
2543 2501 2703 2583 post
2761 2502 3042 2581 treugas

910 2602 1326 2699 hujusmodi
1362 2628 1731 2700 percussas
1753 2661 1769 2694 ,
1814 2608 2245 2674 cassaverat¹
2269 2660 2286 2693 ‚
2324 2619 2393 2674 et
2426 2602 3036 2693 TornacensibuS,

913 2720 1111 2815 quod
1146 2721 1458 2789 inantea
1509 2720 1833 2816 praesidia
1878 2744 2004 2789 sna
2051 2721 2345 2789 minime
2382 2720 2729 2815 recepturi
2758 2718 2992 2789 forent
3020 2774 3038 2808 ,

913 2851 1391 2924 concesserat,
1454 2835 1575 2906 sed
1638 2860 1787 2905 sese
1855 2851 2197 2931 tanquam
2269 2830 2634 2905 neutrales‘
2675 2835 3048 2905 continere

913 2966 1246 3049 possent3
1291 2966 1359 3020 et
1408 2951 1545 3022 alia
1583 2953 1932 3023 nonnulla
1986 2951 2242 3022 fecerat
2289 2967 2500 3046 atque
2540 2951 2847 3043 dixerat,
2891 2976 3049 3046 quae

914 3067 1413 3155 verisimiliter,
1472 3068 1524 3135 si
1586 3092 1733 3137 non
1783 3081 2088 3163 optasset
2135 3083 2346 3162 atque
2388 3080 2728 3164 sperasset
2775 3065 2863 3137 ad
2916 3091 3046 3162 pa-

914 3209 1073 3253 cem
1138 3184 1247 3253 vel
1324 3198 1643 3278 treugam
1711 3184 2170 3280 prolixiorem
2238 3183 2563 3253 debuisse
2629 3182 3040 3278 pervenire,

918 3302 1208 3372 minime
1252 3301 1570 3371 dicturus
1607 3301 2005 3372 facturusve
2045 3302 2306 3371 suisset.
2355 3306 2617 3370 Verum
2659 3299 2777 3369 illa
2810 3299 3050 3369 existi-

916 3418 1173 3507 matiO,
1213 3442 1431 3512 quam
1469 3418 1557 3486 de
1608 3418 1788 3511 regis
1821 3416 2005 3486 dolis
2051 3431 2118 3485 et
2164 3414 2500 3512 perfidia,
2554 3415 2653 3484 uti
2701 3414 3045 3501 diximus,

915 3531 1204 3605 infixam
1235 3532 1624 3622 habebant,
1650 3558 1776 3603 eos
1807 3532 2361 3629 pertinacissime
2389 3530 2714 3619 detinuit,
2740 3544 2849 3617 ut,
2881 3554 3050 3599 cum

915 3673 1037 3739 e0,
1079 3675 1289 3747 super
1332 3674 1506 3745 pace
1542 3648 1653 3717 vel
1702 3648 2087 3745 prolixiore
2129 3663 2413 3741 treuga,
2462 3645 2740 3715 nullum
2784 3660 3050 3715 tracta-

916 3779 1068 3834 tum
1116 3780 1235 3835 aut
1278 3780 1710 3835 conventum
1745 3762 1992 3833 haberi
2037 3764 2286 3833 xellent
2316 3819 2332 3851 ,
2375 3762 2506 3830 nisi
2543 3761 2737 3855 prius
2778 3773 3000 3830 terras
3027 3815 3044 3850 ,

916 3905 1091 3975 quas
1123 3897 1281 3977 post
1326 3880 1600 3951 obitum
1638 3879 1839 3949 ducis
1871 3880 2142 3967 Caroli,
2188 3892 2436 3949 contra
2476 3892 2798 3948 tenorem
2842 3877 3052 3947 inita-

996 4078 1051 4130 1.
1100 4079 1256 4131 Cette
1285 4073 1581 4129 reduction
1614 4086 1695 4127 est
1727 4076 2029 4150 rapp‹›rt‹'=e
2058 4092 2162 4150 par
2191 4072 2652 4150 l‘Interpolatcur
2683 4071 2752 4126 de
2785 4071 2833 4125 la
2871 4070 3035 4125 chro-

915 4170 1087 4243 nique
1116 4167 1482 4224 scandaleuse
1511 4187 1582 4221 au
1615 4167 1757 4221 mois
1787 4167 1857 4222 de
1889 4186 2038 4221 mars
2069 4166 2139 4222 de
2176 4166 2400 4223 l'annee
2433 4169 2608 4221 1379.
2643 4163 3046 4240 Bibliotheque

915 4264 983 4317 de
1016 4262 1224 4317 l'Ecole
1252 4260 1351 4317 des·
1380 4260 1625 4328 chartes·‚
1661 4274 1702 4315 t.
1739 4264 1790 4316 11
1827 4263 1906 4331 (4‘
1940 4259 2128 4331 serie),
2159 4281 2217 4339 p.
2256 4264 2390 4317 568.
