3400 5417
1036 535 1152 591 ¹98
1583 533 2099 592 ms'romssmu
2139 536 2497 596 Lvnovlcl
2538 541 2625 596 x1

1035 663 1328 736 inferius
1371 676 1621 736 natum
1649 667 1666 700 ¹
1689 715 1707 732 .
1761 664 1851 734 Hi
1892 665 2091 736 enim
2124 679 2198 738 et
2231 666 2470 764 plures
2504 669 2715 760 tales,
2759 672 2953 770 apud
2994 698 3135 746 eum

1037 780 1409 851 calumniis
1468 781 1941 852 innocentum
1959 835 1979 874 ‚
2034 780 2221 857 dolis
2262 806 2348 855 ac
2380 784 2651 882 rapinis
2708 799 2937 860 tantas
2992 813 3137 888 opes

1035 898 1467 991 congessisse
1519 894 1957 990 ferebantur,
2006 921 2165 993 quae
2213 898 2309 970 ad
2358 898 2769 974 faciendum
2818 903 3137 1002 stipendia

1033 1036 1297 1108 magno
1331 1012 1665 1084 exercitui
1695 1013 2159 1085 suffecissent.
2200 1017 2323 1088 His
2348 1015 2773 1090 consiliariis
2800 1022 3138 1120 praecipuis

1033 1128 1392 1222 utebatur,
1445 1129 1559 1200 his
1608 1131 1810 1224 regni
1862 1129 2345 1225 gubernacula
2393 1134 2945 1228 moderabatur3
2996 1141 3139 1212 tales

1033 1243 1366 1340 eligebat,
1396 1245 1568 1316 tales
1592 1244 2003 1318 honorabat
2025 1246 2421 1340 ignominia
2442 1263 2515 1321 et
2539 1250 2810 1324 malitia
2830 1253 3133 1351 repleam

1034 1386 1348 1457 quorum
1395 1385 1483 1432 ex
1539 1361 1865 1434 moribus
1913 1380 1985 1434 et
2033 1366 2577 1442 conversatione
2622 1369 2887 1466 conjici
2939 1385 3137 1469 potest

1033 1478 1280 1573 quales
1329 1477 1405 1549 in
1461 1501 1551 1549 eo
1604 1477 1898 1550 virtutes
1949 1493 2219 1574 essent,
2265 1481 2393 1579 qui
2432 1482 2610 1556 tales
2646 1483 2723 1560 in
2774 1486 3138 1584 praecipuos

1033 1593 1329 1666 haberet
1365 1594 1659 1666 amicos,

1132 1717 1277 1786 Nec
1310 1713 1604 1784 miretur
1635 1711 1891 1806 lector,
1929 1714 1988 1784 si
2027 1728 2175 1788 tam
2211 1739 2459 1814 prava,
2500 1716 2751 1813 iniqua
2793 1731 2865 1790 et
2896 1719 3133 1817 turpia,

1035 1831 1125 1902 de
1159 1844 1358 1902 tanto
1407 1853 1570 1925 rege
1620 1830 2096 1922 retulerimus»,
2143 1855 2311 1904 cum
2360 1855 2511 1905 non
2564 1833 2909 1906 adulandi
2960 1850 3138 1932 atque

1032 1947 1439 2020 assentandi
1497 1945 1772 2036 studio,
1840 1947 2271 2042 texendique
2340 1949 2863 2045 panaegyricos²
2908 1951 3139 2024 levium

1033 2089 1234 2136 more
1298 2068 1752 2156 Graecorum,
1811 2063 2173 2137 scribendi
2232 2087 2495 2138 munus
2552 2064 3015 2164 officiumque
3060 2089 3141 2140 as-

1032 2184 1575 2280 sumpserimu5‚
1611 2182 1735 2252 sed
1764 2183 2055 2253 veridici
2083 2181 2403 2253 relatoris
2429 2197 2501 2252 et
2531 2182 2855 2254 historici
2874 2186 3135 2256 veracis

1035 2303 1215 2368 Nam
1267 2297 1632 2386 libentius,
1688 2301 1843 2368 Deo
1889 2313 2098 2388 teste,
2150 2298 2225 2369 in
2277 2296 2754 2368 describendo
2797 2298 3012 2396 ipsius
3056 2323 3141 2369 res

1034 2417 1343 2486 virtuose
1371 2429 1595 2508 gestas
1621 2428 1688 2484 et
1731 2414 1940 2485 laude
1975 2415 2250 2508 dignas,
2285 2415 2341 2485 si
2371 2414 2545 2485 tales
2577 2411 2669 2486 de
2699 2439 2790 2485 eo
2824 2415 3139 2486 invenisse

1033 2547 1104 2602 et
1149 2529 1597 2612 conscribere
1641 2532 1987 2601 veraciter
2034 2531 2531 2627 potuissemuS,
2584 2530 2815 2601 otium
2847 2545 3139 2602 nostrum

1037 2648 1500 2718 dedissemus.
1560 2647 1777 2733 Quod
1820 2648 1878 2715 si
1919 2648 2079 2742 quis
2134 2646 2372 2717 forsan
2420 2646 2694 2718 tardior
2730 2661 2948 2744 atque
2992 2643 3141 2718 diffi-

1035 2764 1239 2834 cilior
1269 2764 1474 2834 fuerit
1501 2764 1593 2834 ad
1619 2763 1941 2834 dandum
1966 2763 2185 2833 fidem
2210 2763 2322 2834 his
2353 2788 2509 2859 quae
2540 2762 2953 2860 scripsimus
2984 2763 3141 2858 (quat

1037 2881 1280 2972 utique
1327 2879 1519 2949 credi
1585 2881 1694 2949 vel
1747 2905 1894 2950 non
1956 2879 2151 2949 credi
2206 2902 2374 2948 vera
2420 2878 2630 2948 fuisse
2680 2892 2751 2947 et
2783 2902 2975 2968 esse,
3017 2879 3141 2948 sine

1037 2994 1278 3065 salutis
1317 2994 1661 3090 periculo,
1705 2995 2045 3091 possunt)
2084 3051 2102 3084 ,
2142 2993 2316 3063 sciat
2362 2991 2613 3090 [quod]
2641 3046 2659 3082 ,
2694 3009 2860 3090 post
2895 2995 3141 3090 tyranni

1039 3111 1344 3204 obitum,
1397 3138 1480 3182 ex
1529 3112 1983 3183 ordinatione
2018 3136 2399 3210 procerum
2432 3110 2659 3205 regni,
2700 3111 2824 3205 qui
2858 3111 3141 3182 defuncti

1038 3227 1264 3298 filium
1294 3228 1586 3298 unicum
1624 3229 1696 3297 in
1740 3252 1976 3321 regem
2006 3241 2073 3297 et
2101 3229 2298 3319 regni
2329 3226 2684 3296 haeredem
2714 3242 3141 3324 acceptarunt

1040 3349 1218 3440 (non
1255 3345 1547 3442 quidem
1589 3345 1684 3414 ob
1725 3346 1942 3441 patris
1977 3345 2289 3414 defuncti
2335 3343 3013 3440 contemplationem
3042 3358 3140 3414 aut

1035 3486 1383 3552 amorem,
1423 3461 1546 3532 sed
1576 3461 1667 3531 ad
1699 3460 2072 3530 vitandum
2104 3460 2584 3557 perniciosum
2617 3458 2923 3530 schisma
2955 3461 3023 3529 in
3050 3483 3139 3528 re·

1037 3601 1206 3671 gno,
1237 3576 1434 3672 quod
1465 3576 1933 3647 verisimiliter
1957 3579 2014 3645 si
2039 3601 2151 3666 ρο,
2188 3576 2311 3670 qui
2340 3573 2678 3645 defuncto
2708 3575 2957 3645 unicus
2983 3575 3141 3646 filius

1039 3867 1119 3909 est
1159 3853 1320 3930 poru'e
1357 3871 1468 3907 aux
1509 3851 1721 3906 anni-es
1772 3852 1924 3906 1478
1961 3865 2017 3906 et
2058 3853 2212 3909 1479
2249 3870 2472 3909 comme
2501 3864 2675 3926 ayant
2703 3850 2758 3908 la
2786 3851 2959 3929 garde
2988 3849 3135 3928 parti-

1038 3948 1249 4003 culicre·
1271 3946 1368 4000 ‹les
1397 3943 1748 4021 prisonnicrs
1779 3939 1968 4000 ‹rEtat
1988 3944 2085 4020 qui
2114 3944 2321 4000 etaient
2352 3943 2659 4002 enchaine's
2681 3945 2822 4002 dans
2846 3946 2897 4002 le
2923 3945 3139 4001 chziteau

1039 4042 1109 4097 de
1138 4045 1318 4097 Tours
1339 4057 1480 4094 avoc
1509 4057 1600 4094 ces
1632 4037 1890 4093 teri-ibles
1924 4038 2256 4094 serrenwnts
2287 4042 2462 4114 qu'on
2495 4039 2744 4116 appelait
2772 4040 2850 4095 les
2888 4062 2915 4089 α
2942 4037 3138 4094 tinette>-

1038 4137 1113 4191 (Ιιι
1150 4136 1230 4192 r.-·i
1269 4162 1320 4190 τι.
1353 4131 1621 4188 Biblioth.
1653 4135 1722 4185 df·
1754 4121 1965 4186 l'Ecole
1992 4134 2087 4184 (Ie’s
2116 4135 2359 4200 charles,
2393 4145 2431 4189 t.
2464 4135 2540 4189 IV
2570 4134 2661 4200 (3⁶⁹
2690 4133 2860 4204 serie)
2881 4177 2896 4200 ,
2924 4153 2981 4208 p.
3018 4132 3133 4184 373.

1119 4235 1174 4286 1.
1225 4234 1329 4284 Ms.
1366 4243 1419 4281 ec
1447 4229 1678 4300 quidam
1710 4227 2128 4300 Steplaeanus....
2163 4240 2349 4284 natus.
2828 4214 2835 4222 ⁶

1117 4327 1173 4380 2.
1229 4328 1328 4378 ΜΞ.
1362 4325 1592 4378 texendi
1623 4325 2109 4398 panegiricosque‘.
3016 4350 3041 4378 ο
