3400 5417
1057 473 1177 527 LIB
1185 472 1281 527 ER
1343 472 1650 528 SEXTUS.
2352 473 2426 527 23

361 688 378 705 x
412 608 760 677 Dueatum
775 604 1044 701 quippe
1061 602 1508 697 Burgundiae,
1536 628 1700 675 cum
1730 601 2185 675 comitatibus
2200 604 2437 675 Matis-

321 720 594 793 conensi
631 734 706 791 et
736 717 1350 809 Autissiodorensi,
1385 718 1535 814 jam
1567 720 1642 789 in
1675 717 2115 790 deditionem
2148 742 2438 816 recepe-

323 839 478 909 rat¹.
515 837 618 907 Ad
653 860 830 933 quas
863 849 1084 907 terras
1115 834 1493 907 dominum
1526 835 1619 905 de
1659 836 1943 905 Craon'
1970 858 2137 905 cum
2176 837 2441 907 caeteris

322 953 458 1023 aliis
496 951 802 1023 ducibus
836 966 904 1023 et
936 966 1138 1049 parte
1181 970 1474 1025 suarum
1503 953 1877 1049 copiarum
1908 965 2074 1023 ante
2107 951 2432 1041 miserat3

322 1082 384 1138 et
414 1092 580 1139 cum
611 1068 796 1139 illius
827 1082 1027 1139 terrae
1051 1067 1312 1139 accolae
1351 1091 1715 1137 accessum
1748 1066 2055 1137 liberum
2096 1065 2189 1137 ad
2222 1080 2441 1139 terras

321 1183 652 1255 Flandriae
698 1183 1011 1279 aliasque
1065 1182 1431 1254 inferiores
1476 1181 1742 1253 habere
1780 1206 1929 1253 non
1973 1196 2301 1279 possent,
2353 1208 2440 1253 eo

321 1301 506 1397 quod
529 1300 993 1395 Lotharingia
1016 1315 1086 1371 et
1119 1300 1270 1371 aliae
1305 1300 1743 1371 intermediae
1769 1314 1971 1369 terrae
1997 1298 2263 1369 eisdem
2280 1300 2443 1371 hos-

321 1418 459 1488 tiles
488 1433 728 1509 erant,
758 1432 828 1487 et
859 1418 958 1488 ita
1007 1419 1361 1487 nescirent
1392 1442 1546 1513 quae
1585 1418 1657 1488 in
1693 1422 1743 1487 F
1743 1416 2025 1488 landria
2051 1430 2121 1486 et
2157 1417 2441 1488 inferio-

323 1532 499 1605 ribus
523 1535 728 1605 terris
753 1548 1168 1631 gererentur
1185 1533 1541 1628 (suggesto
1560 1534 1661 1603 eis
1684 1558 1815 1631 per
1842 1534 2074 1627 regios
2087 1533 2291 1628 quod
2322 1561 2439 1606 rex

320 1675 468 1720 cum
491 1672 624 1720 sua
650 1650 1070 1747 principissa
1087 1648 1353 1721 foedera
1371 1648 1702 1739 haberet,
1739 1650 2029 1745 ejusque
2052 1664 2273 1720 terras
2294 1650 2441 1744 jam

320 1763 440 1835 sub
473 1789 698 1836 manu
735 1789 818 1836 ac
848 1779 1191 1861 potestate
1221 1788 1346 1835 sua
1380 1764 1710 1859 teneret),
1738 1765 1834 1834 ita
1861 1789 2011 1835 esse
2042 1765 2444 1835 existiman-

323 1896 439 1973 teS,
487 1905 575 1952 eo
613 1880 810 1977 quod
870 1880 961 1951 de
1013 1880 1453 1978 opponenda
1501 1881 1646 1973 regi
1706 1881 2103 1951 resistentia
2152 1905 2441 1978 prorsus

321 1996 781 2095 desperabant
804 2050 821 2081 ,
864 1997 1254 2068 nescientes
1288 1996 1463 2092 quid
1498 1996 1952 2067 commodius
1986 1997 2216 2067 facere
2281 2023 2441 2095 pos-

319 2126 486 2202 sent,
503 2112 628 2182 tali
653 2111 1094 2182 vaframento
1121 2112 1616 2202 circumventi,
1639 2125 2109 2207 spontaneam
2132 2112 2439 2184 fecerant

317 2228 457 2298 sine
486 2226 683 2298 bello
715 2226 1184 2297 deditionem.

407 2343 541 2413 Sed
575 2368 750 2414 cum
787 2343 1044 2413 veritas
1072 2366 1312 2413 rerum
1345 2367 1501 2437 quae
1539 2342 1993 2435 gerebantur,
2040 2342 2153 2413 his
2187 2343 2277 2415 de
2319 2370 2439 2415 co-

323 2462 556 2531 mitatu
589 2457 1014 2553 Burgundiae
1053 2483 1180 2554 per
1213 2461 1612 2529 Germanos
1659 2460 1934 2530 vicinos
1978 2460 2435 2551 innotuisset,

323 2576 486 2669 regi,
523 2598 612 2644 ne
640 2573 777 2644 sub
804 2573 958 2669 ejus
985 2597 1204 2644 manu
1240 2572 1658 2644 devenirent
1675 2630 1692 2661 ,
1719 2575 1998 2644 animos
2017 2589 2228 2669 atque
2243 2600 2435 2647 arma

321 2690 535 2761 valide
568 2705 642 2761 et
671 2704 1004 2786 potenter
1029 2693 1574 2786 opposuerunt³,
1604 2705 1900 2761 auctore
1930 2692 2283 2788 praecipue
2313 2693 2438 2763 do-

319 2805 502 2875 mino
535 2805 628 2876 de
657 2804 965 2902 Argueil
983 2807 1026 2892 ⁸,
1066 2805 1481 2876 marchione
1529 2805 1617 2874 de
1656 2805 2114 2902 Rotleelinglze
2137 2811 2156 2843 ⁵
2186 2823 2258 2878 et
2288 2810 2440 2879 aliis

319 2921 724 3017 proceribus
755 2920 1022 3018 patriae.
1066 2920 1238 3011 Qui,
1267 2921 1504 2991 accitis
1539 2946 1622 2991 ex
1657 2935 1839 2992 terra
1862 2923 2288 2995 Suitensium
2316 2928 2437 2996 sti-

321 3036 694 3132 pendiariis
727 3036 1068 3106 militibus
1105 3050 1173 3103 et
1204 3036 1486 3132 populis
1517 3052 1714 3107 terra¹
1744 3064 1885 3109 suae
1905 3092 1922 3126 ,
1948 3040 2238 3109 viriliter
2270 3057 2439 3112 tunc

320 3150 484 3222 fines
503 3177 674 3223 suos
707 3152 911 3222 tutati
934 3166 1099 3220 sunt
1120 3206 1138 3240 ,
1168 3164 1238 3218 et
1262 3152 1671 3222 multotiens
1698 3158 2135 3225 Francorum
2172 3182 2441 3227 cuneos

320 3270 816 3361 protriverunt.
888 3270 975 3339 Et
1031 3291 1195 3336 cum
1233 3266 1384 3360 jam
1431 3266 1836 3368 [nonjnulla
1893 3272 2173 3342 castella
2230 3288 2440 3367 atque

320 3383 655 3479 oppidula
681 3382 924 3479 patriae
970 3387 1405 3453 Francorum
1454 3386 1708 3455 milites
1758 3404 2256 3483 occupassent,
2301 3404 2438 3458 sta·

392 3580 446 3633 1.
492 3580 574 3634 Le
603 3575 795 3633 duche
825 3576 897 3631 de
925 3579 1263 3653 Bourgogne
1286 3576 1345 3631 fit
1374 3596 1434 3632 sa
1465 3577 1805 3635 soumission
1835 3580 1889 3633 le
1910 3582 1985 3636 29
2013 3581 2238 3651 jam-ier
2266 3586 2437 3639 1477.

393 3674 448 3727 2.
495 3672 757 3748 Georges
786 3670 857 3726 de
885 3674 965 3727 La
992 3670 1355 3727 Tremouille.

391 3770 447 3823 3.
493 3770 576 3824 La
609 3764 1105 3823 Franche-Comte
1136 3785 1195 3822 se
1225 3766 1475 3834 revolta,
1507 3768 1675 3843 apres
1711 3769 1880 3825 s'etre
1909 3768 2157 3825 soumise
2182 3790 2253 3826 en
2282 3785 2441 3827 vertu

319 3860 482 3919 d'une
514 3861 894 3919 deliberation
926 3862 997 3918 de
1026 3883 1112 3919 ses
1137 3864 1278 3919 etats
1303 3864 1611 3920 assembles
1641 3869 1670 3921 ἐι
1698 3867 1866 3933 Dole,
1902 3865 1952 3921 le
1982 3870 2053 3921 18
2091 3866 2320 3923 siu-rior.

392 3958 450 4015 4,
492 3960 640 4014 Jean
682 3955 753 4011 de
789 3955 1038 4025 Chalon,
1071 3956 1267 4032 prince
1312 3957 1599 4034 ‹l'Orange
1642 3970 1696 4015 et
1734 3960 1997 4035 seigneur
2029 3959 2331 4037 d‘Arguel,
2374 3981 2446 4016 ne

321 4063 476 4124 parnt
524 4050 798 4126 qu'apres
851 4052 902 4105 la
958 4051 1176 4106 rezola?
1196 4094 1208 4112 ‚
1256 4050 1394 4106 dont
1440 4072 1541 4107 son
1589 4054 1755 4108 oncle
1800 4058 2030 4129 Hugues.
2077 4053 2147 4109 de
2196 4053 2407 4111 Chalon
2432 4096 2443 4115 ,

321 4144 578 4222 seigneur
610 4143 682 4199 de
713 4142 1158 4219 Chateauguyon
1182 4186 1196 4207 ,
1230 4144 1422 4201 donna
1450 4147 1501 4202 le
1531 4148 1735 4224 signal.

397 4241 451 4293 ὃ.
501 4236 770 4311 philippe
800 4235 870 4292 de
903 4237 1226 4313 Hochberg,
1255 4239 1505 4314 mar-quis
1537 4240 1607 4295 ‹le
1637 4239 1920 4295 Rothelin.
