3400 5417
1257 518 1477 574 LIBER
1517 518 1817 576 PRIMUS.
2466 519 2582 575 3119

456 651 665 720 tium.
731 652 913 719 Cum
981 648 1193 744 igitur
1246 649 1457 720 simili
1496 648 1727 722 forma
1775 650 2084 745 singulas
2119 648 2585 746 pecuniarum

452 786 770 835 summas
829 786 873 834 a
920 787 995 834 se
1045 777 1362 861 receptas
1410 762 1502 835 ad
1554 787 1830 859 nosque
1882 788 2011 861 per
2068 786 2299 834 annos
2357 787 2584 861 prope

450 894 621 950 octo
651 879 1096 950 transmissas
1128 878 1629 971 declarassent,
1663 880 1895 950 coacti
1923 880 2339 951 exstiterunt
2359 904 2585 977 prope

453 1011 765 1090 quatuor
796 994 1019 1067 millia
1068 994 1549 1087 florenorum,
1608 997 1734 1091 qui
1781 1011 1934 1066 tum
1981 996 2054 1066 in
2095 997 2240 1068 suis
2262 1051 2282 1089 ‚
2324 1010 2474 1067 tum
2510 998 2583 1066 in

452 1109 869 1182 officialium
928 1125 1338 1182 nostrorum
1398 1112 1638 1183 adhuc
1688 1112 2063 1184 exstabant
2116 1111 2450 1183 manibus
2495 1112 2585 1182 de

448 1226 922 1322 proventibus
959 1228 1429 1324 spiritualium
1454 1284 1472 1320 ‚
1512 1229 1585 1297 in
1626 1252 1883 1299 manus
1920 1232 2352 1326 quaest'orum
2387 1253 2586 1323 rega-

446 1340 627 1412 lium
659 1343 1081 1437 consignare
1121 1357 1188 1413 et
1218 1344 1496 1414 tradere
1516 1347 1556 1413 ¹.
1603 1348 1688 1414 Et
1723 1369 1889 1415 cum
1921 1346 2092 1415 alias
2127 1345 2586 1442 quamplures

450 1459 917 1553 pecuniarum
966 1484 1279 1532 summas
1328 1461 1539 1531 variis
1589 1458 1866 1531 vicibus
1922 1461 2013 1531 ad
2060 1485 2193 1532 nos
2234 1462 2587 1533 misissent

448 1598 579 1670 per
614 1575 853 1671 plures
891 1576 1157 1646 scilicet
1191 1576 1533 1647 honestos
1584 1590 2018 1648 mercatores
2043 1630 2060 1665 ‚
2103 1576 2315 1647 variis
2363 1591 2434 1646 et
2473 1576 2585 1646 di-

447 1692 667 1762 versis
698 1691 978 1763 vicibus
1027 1706 1240 1790 atque
1286 1694 1462 1763 locis
1488 1749 1505 1783 ,
1554 1716 1598 1764 a
1622 1693 1865 1788 judice
1914 1692 2280 1765 decretum
2315 1706 2418 1763 est
2463 1717 2587 1763 eos

445 1820 520 1878 et
559 1831 865 1905 corpora
907 1822 978 1878 et
1016 1808 1213 1880 bona
1248 1832 1374 1880 sua
1410 1810 1657 1880 omnia
1702 1808 2160 1900 confiscasse,
2200 1823 2348 1879 tam
2395 1807 2586 1904 ipsos

448 1948 667 2021 quam
691 1940 761 1997 et
782 1950 1037 1997 omnes
1060 1941 1131 1996 et
1161 1927 1476 2021 singulos
1499 1942 1929 1998 mercatores
1947 1928 2072 2023 qui
2093 1952 2216 1998 eos
2250 1951 2586 1997 nummos

448 2040 839 2136 aliquando
886 2041 978 2113 ad
1023 2066 1159 2112 nos
1202 2041 1650 2132 detulissent,
1712 2045 1844 2114 nisi
1898 2068 2110 2141 super
2158 2044 2299 2114 hoc
2351 2042 2585 2113 indul-

445 2147 759 2254 gentism
793 2174 864 2231 et
902 2159 1200 2253 gratiam
1234 2160 1415 2254 regis
1448 2159 1877 2235 obtinerent.

1118 2450 1631 2519 CAPITULUM
1691 2453 1903 2519 XXX.

518 2630 725 2696 Quibus
750 2631 915 2684 causis
944 2630 1187 2703 impulsi,
1220 2630 1443 2685 cedendi
1466 2632 1722 2702 regimine
1755 2633 1982 2686 ecclesiae
2013 2645 2205 2687 nostroe
2230 2635 2508 2687 consilium

1350 2717 1667 2789 accepimus.

550 2899 626 2963 ln
666 2896 877 2965 tantis
913 2896 1123 2990 igitur
1163 2920 1236 2965 se
1270 2901 1787 2991 cognoscentes
1816 2894 2240 2966 constitutos
2277 2920 2424 2965 esse
2460 2922 2580 2994 pe-

444 3012 684 3081 riculis
706 3068 723 3103 ‚
765 3037 930 3082 cum
960 3035 1001 3082 a
1026 3012 1299 3081 cunctis
1334 3013 1630 3082 unicum
1658 3012 1759 3081 eis
1797 3036 2002 3107 posse
2036 3011 2266 3082 afferri
2304 3037 2580 3109 propo-

449 3140 734 3195 neretur
784 3126 1181 3197 remedium
1214 3182 1232 3217 ‚
1285 3126 1339 3196 si
1409 3150 1579 3213 nos,
1638 3126 1727 3195 ad
1767 3126 2199 3222 placandum
2255 3126 2577 3220 indigna-

446 3242 716 3312 tionem
750 3244 954 3337 regiae
1001 3241 1406 3339 majestatis,
1449 3243 1517 3310 in
1558 3241 1874 3311 savorem
1928 3242 2223 3335 alicujus
2257 3266 2578 3338 personae

444 3357 577 3428 sibi
626 3375 874 3453 gratas,
929 3360 1236 3430 ecclesiae
1282 3373 1537 3429 nostrat³
1592 3357 1932 3450 regimine
1980 3357 2232 3427 cedere
2280 3381 2580 3427 consen-

445 3474 778 3565 tiremuS‚
840 3476 1213 3572 impetrata
1273 3498 1314 3544 a
1383 3498 1544 3565 rege
1609 3473 1891 3542 licentia
1957 3498 2090 3569 pro
2164 3471 2574 3567 hujusmodi

444 3614 657 3661 causa
690 3590 780 3661 ad
814 3617 946 3660 nos
983 3616 1203 3686 usque
1238 3588 1567 3660 veniendi
1607 3588 1835 3683 (quod
1867 3588 2036 3658 alias
2071 3589 2221 3657 sine
2257 3587 2576 3684 periculo

446 3708 762 3802 capitum
796 3732 1091 3777 suorum
1154 3705 1381 3776 facere
1430 3706 1724 3774 minime
1772 3705 1920 3773 ausi
1962 3704 2308 3793 fuissent),
2369 3702 2576 3773 nobis

444 3849 609 3892 cum
664 3823 937 3916 magnis
998 3821 1374 3917 gemitibus
1420 3837 1486 3892 et
1523 3821 1852 3915 lacrymis
1899 3821 1971 3889 in
2022 3820 2157 3890 hac
2201 3818 2378 3889 urbe
2409 3823 2574 3889 Tre·

525 4070 582 4122 1.
628 4068 787 4123 Cette
815 4085 1034 4123 somme
1070 4065 1285 4123 semble
1316 4068 1435 4123 &tre
1464 4066 1605 4122 celle
1640 4066 1739 4141 qui
1769 4066 1854 4121 fut
1879 4064 2148 4122 restituee
2171 4066 2294 4141 plus
2325 4064 2481 4136 tal-d,
2518 4077 2574 4120 et

444 4158 585 4215 dont
632 4158 878 4216 Thomas
918 4160 1087 4216 Basin
1134 4160 1327 4215 donna
1373 4159 1661 4234 quittance
1706 4159 1758 4216 le
1808 4162 1882 4215 212
1929 4159 2054 4229 juin
2092 4161 2268 4215 1474.
2322 4157 2458 4213 Voir
2489 4157 2569 4213 les

445 4252 633 4329 piet-es
650 4252 1042 4322 justificatives
1077 4250 1152 4307 du
1185 4255 1282 4308 1v⁰
1312 4250 1565 4308 volume.
