3400 5417
882 503 1002 562 ’δ’
1746 497 2127 561 Ammon·
2151 541 2169 572 ‚

884 638 1257 710 transitum
1298 635 1689 708 taceremus
1712 692 1732 728 ,
1770 637 1887 709 vix
1916 635 2325 708 interventu
2350 633 2749 706 amicorum
2782 638 3025 735 impe·

883 770 1069 826 trare
1101 752 1468 851 potuimus
1499 768 1580 823 ut
1614 751 2069 847 Rothomago
2094 807 2113 844 ,
2150 748 2281 822 ubi
2316 751 2485 822 satis
2510 752 2863 846 egregiam
2892 753 3027 826 do-

881 892 1113 958 mum,
1137 869 1289 938 imo
1309 866 1569 940 domos
1592 867 1833 965 plures
1846 865 2304 939 habebamus
2318 867 2365 956 ¹,
2392 866 2773 938 transitum
2792 865 3030 942 facem

882 984 1147 1057 liceret.
1188 985 1331 1072 Qui
1374 999 1448 1055 et
1489 1008 1578 1057 ea
1612 985 1769 1082 lege
1822 983 2039 1078 nobis
2082 981 2473 1083 permissus
2518 981 2653 1054 suit
2684 997 2809 1077 ut,
2870 1000 3031 1058 tan·

885 1125 1102 1198 quam
1136 1115 1403 1172 noctua
1419 1157 1437 1190 ‚
1478 1123 1707 1200 prope
1750 1100 2133 1173 obscuram
2181 1111 2473 1168 noctem
2510 1098 2875 1171 civitatem
2916 1103 3030 1172 in·

885 1219 1369 1314 grederemur,
1413 1233 1485 1290 et
1510 1219 1821 1290 crastino
1854 1241 2055 1314 oeque
2088 1217 2165 1287 in
2196 1237 2454 1287 aurora
2488 1215 2847 1290 exiremus
2875 1273 2897 1310 ,
2936 1218 3033 1289 ad

885 1357 1124 1430 regem
1161 1352 1358 1408 recto
1403 1336 1580 1408 calle
1622 1335 2039 1434 perrecturi.
2094 1331 2313 1422 Quod
2352 1347 2425 1402 et
2476 1331 2777 1406 fecimus
2828 1363 2847 1405 :
2900 1338 3037 1408 iter

884 1451 1079 1521 enim
1103 1451 1490 1523 Aurelianis
1520 1475 1749 1549 usque
1774 1449 2387 1538 continuavimus,
2407 1447 2541 1520 ubi
2564 1472 2689 1520 rex
2708 1473 2883 1522 cum
2900 1475 3035 1522 suo

887 1569 1188 1639 consilio
1215 1584 1287 1640 et
1313 1571 1660 1641 comitatu
1693 1584 1869 1640 tunc
1903 1566 2181 1664 agebat.

1631 1900 2143 1972 CAPITULUM
2192 1901 2282 1970 X.

991 2109 1070 2160 De
1097 2103 1330 2159 adventu
1355 2115 1541 2157 nostro
1563 2102 1634 2157 ad
1657 2120 1836 2174 regem
1856 2102 2177 2169 Aurelianis,
2208 2116 2261 2156 et
2280 2103 2388 2157 fide
2412 2104 2756 2160 securitatum
2786 2117 2947 2176 atque

1648 2188 2007 2240 abolitionum
2032 2205 2269 2244 suarum.

991 2384 1222 2468 Quem
1258 2407 1426 2452 cum
1478 2380 1944 2451 adivissemus
1971 2436 1989 2472 ,
2047 2395 2261 2476 atque
2299 2405 2468 2452 eum
2514 2380 2786 2476 alloqui
2823 2406 3042 2453 cona-

893 2521 1161 2581 remur,
1201 2496 1423 2567 torvis
1458 2520 1594 2566 nos
1628 2495 2013 2592 inspiciens
2048 2496 2306 2586 oculi3‚
2345 2494 2564 2564 unico
2592 2495 3040 2567 salutationis

892 2628 1345 2685 transeunter
1376 2612 1601 2686 verbo
1629 2613 1898 2707 jactato
1921 2667 1939 2702 ,
1981 2611 2270 2682 alterius
2304 2611 2629 2707 largioris
2660 2611 3041 2683 audientiae

897 2732 1198 2801 minime
1230 2731 1514 2829 copiam
1549 2729 1735 2799 fecit.

995 2851 1161 2916 Erat
1202 2861 1355 2915 tum
1383 2847 1584 2940 juxta
1616 2869 1811 2935 eum,
1850 2844 2033 2913 inter
2070 2844 2342 2939 priores
2371 2844 2618 2941 palatii
2648 2845 2851 2916 velut
2873 2871 3045 2943 prae·

896 2963 1108 3060 cipua
1150 2960 1242 3032 ad
1286 2986 1525 3054 regem
1585 2959 2054 3032 familiaritate
2079 3015 2097 3050 ,
2136 2960 2447 3031 amicitia
2492 2975 2709 3056 atque
2742 2963 3047 3032 auctori-

896 3094 1036 3151 tate
1111 3078 1534 3177 praepollens
1607 3091 1676 3148 et
1746 3077 2144 3148 honoratus
2169 3133 2187 3168 ,
2268 3078 2601 3174 magister
2676 3078 3045 3150 Johannes

899 3197 1164 3290 Babae,
1208 3222 1425 3293 quem
1472 3197 1622 3292 ipse
1668 3195 1887 3293 paulo
1926 3209 2090 3265 ante
2130 3195 2221 3266 ad
2256 3196 2749 3293 episcopatum
2797 3195 3045 3267 Ebroi-

899 3341 1185 3388 oensem
1222 3313 1518 3411 provehi
1559 3312 1840 3401 fecerat,
1888 3326 1983 3396 et,
2035 3311 2363 3382 nondum
2398 3311 2681 3383 duobus
2729 3327 2896 3410 post
2928 3311 3045 3382 de·

899 3434 1122 3503 cursis
1156 3432 1389 3521 anniS,
1433 3430 1526 3502 ad
1565 3430 1940 3500 ecclesiam
1995 3428 2569 3522 Andegavensem
2602 3443 2675 3500 et
2712 3429 3044 3501 cardina·

981 3701 1039 3756 1.
1081 3697 1127 3753 ll
1157 3697 1277 3754 saut
1305 3696 1580 3753 entendre
1611 3715 1717 3772 par
1746 3694 1799 3750 la
1828 3692 2299 3750 non-seulement
2327 3690 2526 3749 l’hotel
2556 3691 2657 3762 des
2687 3691 2946 3769 eveques
2978 3692 3049 3750 de

899 3791 1133 3850 Lisieux
1167 3790 1344 3862 (sitne
1375 3789 1474 3847 des
1503 3789 1619 3846 lors
1652 3791 1731 3845 οὺ
1763 3789 1801 3844 il
1838 3801 1921 3845 est
1950 3806 2159 3845 encore
2178 3784 2573 3860 aujourd'hui,
2604 3804 2709 3842 rue
2747 3784 2821 3843 de
2852 3786 2907 3842 la
2934 3789 3047 3843 Sa-

901 3885 1211 3956 vonnerie)
1232 3931 1247 3956 ‚
1283 3885 1423 3940 mais
1461 3904 1673 3942 encore
1702 3883 1803 3940 des
1839 3882 2088 3938 maisons
2117 3880 2216 3956 qui
2257 3878 2695 3959 appartenaient
2721 3899 2797 3937 en
2824 3897 3047 3957 propre

902 3984 934 4036 a
967 3977 1212 4035 Thomas
1253 3978 1446 4033 Basin.
1501 3979 1747 4052 D'apres
1794 3995 1908 4032 une
1947 3973 2260 4031 indication
2307 3973 2688 4050 incomplete,
2732 3973 3048 4050 consignee

904 4071 1114 4129 dansle
1136 4070 1348 4128 recueil
1375 4069 1446 4126 de
1473 4068 1814 4137 Fontanieu‚
1842 4087 1957 4124 aux
1978 4086 2092 4124 mss
2119 4064 2190 4122 de
2216 4065 2272 4122 la
2298 4065 2443 4122 Bibl.
2474 4066 2646 4142 imp„
2668 4064 2910 4122 Char-les
2938 4065 3047 4124 Vn

904 4165 985 4223 lui
1026 4185 1098 4221 en
1141 4163 1328 4222 aurait
1359 4162 1549 4220 donne
1584 4181 1697 4219 une
1730 4181 1800 4218 en
1840 4164 2023 4233 1449,
2062 4161 2231 4236 apres
2274 4161 2514 4216 l'entree
2554 4157 2657 4215 des
2698 4158 2975 4235 Francais
3014 4162 3045 4215 ὲ

903 4263 1128 4316 Rouen.
