3400 5417
981 524 1201 582 LIBER
1257 523 1638 583 SEPTIMUS.
2258 528 2286 582 ¹
2298 526 2373 583 49

254 653 567 726 ducentis
601 668 724 727 aut
749 655 1083 729 trecentis
1118 655 1440 727 virorum
1476 670 1914 729 armatorum
1934 711 1953 748 ,
2000 657 2165 728 exiit
2208 657 2374 728 civi-

255 783 458 841 tatem
478 825 500 862 ‚
535 769 660 841 illo
694 795 1112 868 proponens
1144 770 1542 869 proficisci,
1587 785 1660 843 et
1703 772 1969 844 castelli
2019 772 2331 844 nancisci
2352 829 2371 864 ‚

254 900 326 956 ut
349 885 686 958 dominus
704 939 725 976 ,
755 889 1303 984 possessionem.
1333 887 1602 960 Verum
1633 890 1871 960 statim
1908 904 1990 961 ut
2026 887 2210 987 [iter]
2246 914 2378 961 ar-

251 1001 553 1099 ripuerat
575 1055 596 1092 ‚
636 1003 972 1075 nuntium
1015 1005 1293 1101 accepit
1345 1003 1543 1099 quod
1579 1004 2033 1076 Hollandrini
2065 1018 2377 1076 castrum

253 1116 710 1212 obsidebant,
762 1119 942 1194 illud
991 1119 1086 1192 ad
1129 1144 1384 1192 manus
1423 1145 1586 1194 suas
1638 1122 2006 1219 cupientes
2057 1120 2370 1212 habere3

251 1233 434 1329 quod
483 1236 543 1307 si
585 1235 856 1308 habere
892 1236 1291 1333 potuissent
1313 1291 1332 1328 ,
1369 1237 1671 1307 intentio
1699 1261 1955 1308 eorum
1984 1261 2133 1308 esse
2166 1251 2374 1335 puta-

250 1348 449 1422 batur
482 1351 684 1447 quod
714 1351 858 1422 loci
890 1352 1366 1422 munitionem
1403 1350 1722 1423 funditus
1758 1367 2180 1442 everterent,
2223 1367 2374 1423 tum

249 1467 316 1535 in
347 1465 598 1538 odium
627 1465 906 1538 domini
942 1466 1030 1538 de
1067 1470 1429 1564 Montfort
1452 1521 1471 1554 ‚
1514 1467 1698 1538 illius
1736 1466 2053 1559 domini,
2095 1493 2262 1538 cum
2308 1482 2378 1539 et

248 1598 525 1680 propter
553 1583 992 1654 vicinitatem
1029 1581 1122 1653 ad
1153 1596 1375 1654 terras
1408 1582 1832 1674 Hollandiae‚
1862 1583 2059 1680 quod
2094 1583 2187 1654 de
2217 1584 2370 1675 illo,

250 1698 480 1794 priscis
504 1720 593 1770 ac
625 1698 992 1770 modernis
1025 1699 1241 1769 etiam
1274 1697 1749 1796 temporibus,
1778 1698 2043 1771 damna
2068 1701 2376 1796 plurima

248 1815 544 1911 perpessi
594 1813 913 1885 fuissent.
973 1818 1139 1900 Quo
1183 1828 1478 1912 accepto
1538 1815 1834 1907 nunti0,
1883 1839 2049 1886 cum
2102 1815 2375 1886 videret

249 1953 363 2024 per
394 1930 538 2002 hoc
565 1932 1019 2028 propositum
1057 1955 1268 2002 suum
1314 1932 1689 2030 impediri,
1742 1931 1833 2003 ad
1867 1933 2223 2005 civitatem
2269 1949 2374 2005 est

249 2069 592 2138 reversus,
637 2070 770 2117 nec
795 2045 1074 2118 efficere
1104 2047 1340 2144 potuit
1362 2100 1380 2133 ,
1417 2046 1584 2120 licet
1619 2072 1769 2119 non
1805 2048 2018 2118 semel
2056 2063 2364 2137 tantum,

247 2160 359 2230 sed
429 2161 695 2258 pluries
730 2161 875 2233 hoc
922 2162 1202 2234 efficere
1249 2165 1657 2234 tentavisset
1717 2177 1795 2234 ut
1859 2163 2311 2236 Hollandrini
2343 2220 2364 2257 ,

247 2273 356 2366 qui
389 2271 528 2343 illic
565 2287 796 2344 castra
829 2297 958 2345 sua
988 2287 1057 2344 et
1092 2272 1549 2346 obsidionem
1585 2290 2017 2371 posuerant,
2052 2274 2145 2346 ab
2183 2273 2370 2345 obsi·

249 2387 445 2459 dione
478 2388 954 2461 discederent.

949 2695 1462 2763 CAPITULUM
1523 2695 1641 2761 Vl.

245 2883 514 2949 Quomodo
536 2889 706 2958 paulo
722 2901 863 2959 post,
889 2887 1026 2941 duce
1050 2888 1284 2959 quodam
1306 2891 1541 2944 Hem-ico
1567 2888 1636 2942 de
1657 2891 1926 2959 Kyme-Ide,
1951 2891 2130 2944 accitis
2152 2891 2365 2944 Cliven-

307 2971 438 3024 sibus
457 2985 507 3024 et
527 2973 1076 3036 Amemsordensibus‚
1098 2988 1255 3027 nocte
1277 2976 1483 3047 irrupta
1507 2989 1583 3027 est
1604 2988 1654 3026 et
1681 2989 1831 3046 capta
1860 2976 2039 3027 civitas
2060 2977 2366 3046 Trajecteu·

305 3055 385 3121 sis,
411 3069 592 3126 captus
613 3060 856 3128 pontifex
880 3073 930 3112 et
957 3060 1169 3131 tyranni
1193 3060 1418 3125 liberati,
1439 3073 1484 3112 et
1511 3059 1897 3128 E11ghelbm·tus
1920 3060 1985 3110 de
2008 3060 2169 3112 clivis
2186 3061 2365 3114 denuo

305 3152 601 3194 reintrusus.

329 3297 574 3369 Fuerat
617 3312 857 3369 autem
889 3298 981 3370 ad
1029 3299 1424 3371 custodiam
1475 3301 1681 3371 castri
1723 3300 1907 3370 illius
1942 3301 2360 3370 commissus

243 3410 512 3504 quidam
563 3415 850 3511 juvenis
913 3417 1200 3487 audacis
1271 3417 1572 3488 nimium
1642 3432 1713 3487 et
1770 3416 2035 3488 efferati
2100 3417 2354 3504 animi,

243 3525 454 3599 dictus
527 3533 878 3601 Henricus
943 3531 1033 3602 de
1101 3533 1434 3605 Nievelde
1467 3590 1484 3624 ‚
1547 3535 1975 3628 cognatione
2040 3534 2166 3630 ipsi
2227 3532 2358 3602 do-

245 3644 424 3715 mino
493 3647 584 3717 de
651 3651 1002 3744 Moralem
1063 3649 1548 3746 propinqum,
1604 3665 1847 3746 utpote
1908 3677 2047 3720 sua·
2100 3651 2363 3720 sororis.

244 3759 432 3832 filius.
475 3765 612 3835 Hic
647 3790 810 3834 cum
848 3767 1297 3859 cognovisset
1329 3765 1603 3835 domini
1641 3767 1958 3863 episcopi
1998 3766 2091 3836 ad
2124 3768 2362 3836 cirita-

243 3889 370 3946 tem
420 3903 625 3950 suam
672 3881 1060 3973 ingressum
1090 3937 1108 3970 ‚
1161 3882 1618 3977 captivosque
1658 3881 1957 3950 detineri
1998 3883 2228 3977 ipsum
2269 3882 2359 3952 de

241 3997 578 4091 Montfbrt
639 3995 954 4091 aliosque
1026 3998 1148 4091 qui
1203 3996 1653 4092 tyrannidem
1711 3999 1778 4065 in
1830 3998 2107 4068 civitate
2162 4023 2361 4068 exer-

241 4125 556 4200 cuerant,
597 4112 1210 4208 qualitercumque
1245 4114 1334 4182 de
1370 4128 1601 4183 castro
1645 4113 1765 4182 illo
1823 4115 2225 4206 egretlieiis‚
2268 4115 2355 4184 ad

242 4227 574 4320 oppidum
613 4229 1098 4298 Arnersfordiae
1137 4228 1443 4322 indeque
1491 4229 1579 4298 ad
1627 4230 1927 4323 patriam
1964 4229 2359 4298 (Ilivensem
