3400 5417
1121 512 1344 571 mun
1385 512 1691 573 SEXTUS.
2357 514 2474 571 123

346 674 507 721 rum
556 647 799 746 patriae
818 699 837 735 ,
875 646 951 718 in
995 647 1383 718 exercitum
1430 645 1993 718 Brabantionum
2020 645 2247 717 irruit.
2287 648 2468 738 Qui,

345 754 485 836 suae
521 762 916 835 molitionis
949 762 1206 857 ignari,
1244 784 1413 834 eum
1448 776 1738 834 strenue
1770 775 1843 833 et
1869 760 2164 833 viriliter
2186 782 2478 857 excepe-

346 894 543 973 runt,
582 879 858 976 fuitque
908 879 1058 976 ipse
1099 904 1289 975 equo
1338 878 1652 974 dejectus
1698 878 1938 949 occiso
1967 874 2102 948 sub
2140 878 2253 968 se3
2302 876 2426 949 sed
2449 935 2468 963 ,

344 994 545 1093 quod
574 995 771 1068 triste
799 991 1191 1066 victoribus
1213 993 1344 1065 suit
1360 1050 1380 1087 ,
1416 994 1529 1090 adj
1539 1009 1697 1065 utus
1730 1018 1772 1065 a
1806 992 1984 1085 suiS,
2024 992 2267 1065 evasit.
2303 994 2476 1064 Caesi

345 1112 631 1184 fuerunt
662 1114 734 1182 in
760 1135 848 1183 eo
873 1112 1212 1185 conflictu
1243 1113 1433 1183 circa
1457 1136 1641 1183 cxxx
1674 1110 1766 1184 de
1798 1110 1942 1181 suis
1963 1162 1982 1198 ,
2013 1108 2199 1207 capti
2223 1134 2432 1182 mxxxi
2451 1162 2470 1198 ‚

344 1230 575 1300 eaeteri
612 1229 746 1300 fusi
782 1253 866 1300 ac
899 1228 1222 1327 dispersi.

438 1348 599 1444 lpse
636 1359 911 1433 autem,
963 1358 1176 1416 nocte
1213 1344 1334 1415 illa
1379 1368 1509 1442 per
1540 1342 1770 1439 sylvas
1807 1358 1876 1413 et
1916 1341 2111 1414 invia
2141 1342 2478 1414 errabun-

344 1460 516 1551 dus,
557 1462 872 1532 crastino
902 1460 978 1531 in
1012 1460 1368 1532 civitatem
1409 1460 1725 1531 intravit.
1763 1457 1868 1529 Ad
1904 1480 2122 1555 quam
2155 1459 2213 1530 si
2253 1460 2477 1530 victo-

345 1601 453 1649 res
499 1601 718 1647 cursu
772 1599 1083 1674 propero
1136 1574 1523 1646 adventare
1572 1587 1971 1665 curassent,
2029 1588 2234 1644 erant
2289 1574 2480 1648 cives

347 1694 713 1789 utriusque
750 1716 989 1780 sexuS‚
1052 1692 1285 1789 pusilli
1334 1707 1409 1763 et
1449 1690 1726 1786 magni,
1783 1690 1857 1760 in
1911 1690 2135 1787 portis
2181 1690 2479 1763 civitatis

344 1810 435 1881 ad
462 1834 591 1882 eos
628 1808 923 1908 pacifice
956 1807 1431 1907 recipiendos.
1470 1806 1611 1878 Sed
1637 1807 1782 1877 hoc
1804 1863 1823 1898 ‚
1864 1805 2478 1903 quemadmodum

348 1940 675 2022 perante,
714 1924 934 1997 altera
976 1925 1131 1995 vice
1175 1925 1472 1995 minime
1516 1922 1858 1994 fecerunt.
1903 1922 2109 1994 Unde
2142 1938 2213 1994 et
2243 1924 2480 1995 civita-

347 2042 430 2113 tis
453 2057 523 2113 et
552 2042 776 2113 totius
809 2042 1049 2140 patriae
1079 2055 1293 2138 atque
1329 2041 1650 2137 ipsorum
1672 2039 1887 2111 etiam
1915 2038 2478 2113 Brabantionum

348 2182 490 2228 non
526 2157 757 2229 modo
789 2172 1174 2255 prorogata
1194 2213 1213 2248 ‚
1263 2181 1513 2228 verum
1546 2156 1755 2226 etiam
1811 2154 2113 2228 adaucta
2151 2171 2256 2226 est
2299 2156 2481 2229 cala-

347 2273 572 2345 mitas.
634 2272 1002 2360 Quamdiu
1065 2272 1261 2343 enim
1287 2274 1305 2309 ¹
1373 2286 1521 2343 tam
1571 2271 1872 2344 efferum
1926 2286 1996 2341 et
2053 2273 2478 2344 acerrimum

347 2388 627 2459 hostem
652 2394 853 2486 Juxta
886 2412 989 2479 se,
1027 2388 1175 2457 imo
1206 2385 1752 2482 quodammodo
1789 2386 1976 2456 intra
2008 2386 2278 2458 viscera
2309 2411 2436 2459 sua
2456 2441 2473 2476 ‚

348 2500 710 2574 habebant
739 2558 757 2594 ‚
814 2526 964 2572 non
1004 2525 1249 2572 secure
1299 2516 1369 2572 et
1416 2500 1687 2597 absque
1737 2524 2003 2597 pavore
2046 2516 2117 2571 et
2159 2501 2478 2597 periculo

350 2618 418 2687 in
452 2617 601 2689 suis
630 2619 957 2715 possunt²
990 2618 1100 2687 vel
1130 2616 1361 2709 ‚agriS‚
1397 2617 1507 2687 vel
1545 2615 1830 2714 oppidis
1864 2617 2248 2711 quiescere.

439 2732 687 2804 Delusi
759 2732 998 2829 itaque
1060 2732 1411 2804 hactenus
1478 2733 1957 2827 Trajectenses
2022 2732 2236 2804 etiam
2306 2756 2429 2831 spe
2455 2790 2473 2825 ‚

350 2872 557 2944 quam
605 2848 681 2918 in
728 2848 990 2919 auxilio
1024 2846 1194 2918 dicti
1241 2846 1558 2942 sacrilegi
1603 2848 1888 2943 tyranni
1937 2848 2347 2920 Leodiensis
2381 2865 2482 2919 ut-

348 2985 653 3060 cumque
686 2978 1189 3060 reposuerant,
1224 2987 1438 3059 quem
1466 2962 1641 3033 falso
1672 2962 2074 3057 frequenter
2111 2964 2480 3035 victoriam

348 3075 433 3147 de
488 3077 1094 3149 Brabantionibus
1145 3077 1675 3149 mentiebantur
1730 3077 2166 3168 obtinuisse,
2223 3080 2480 3150 nihilo·

348 3192 579 3264 minus
637 3194 710 3263 in
769 3218 898 3265 sua
946 3193 1427 3264 obstinatione
1476 3192 1870 3281 durabant,
1932 3194 2476 3292 tolerabantque

349 3310 702 3381 caristiam
744 3326 815 3382 et
864 3310 1127 3383 famem
1181 3312 1666 3409 plurimasque
1711 3311 2017 3399 inedias3
2074 3310 2165 3381 de
2217 3310 2477 3407 quibus

348 3425 682 3497 omnibus
708 3426 911 3498 facile
932 3482 950 3515 ‚
989 3427 1047 3499 si
1077 3452 1224 3497 non
1270 3452 1393 3497 eos
1419 3426 1813 3523 pertinacia
1834 3450 1962 3498 sua
1995 3426 2370 3515 tenuisset,
2405 3454 2477 3498 se

348 3542 647 3614 eximere
682 3558 751 3613 et
785 3559 1077 3641 pacatos
1111 3542 1410 3613 reddere
1444 3542 1861 3640 potuissent.

426 3773 477 3827 1.
531 3774 643 3827 Ms.
679 3778 872 3827 etiam.

424 3865 479 3921 2.
526 3865 721 3921 Plutot
744 3878 1033 3939 poterant.
