3400 5417
881 522 997 577 370
1743 520 2153 593 APOLOG1A‚

878 678 1063 727 mus.
1098 654 1273 753 Ipsis
1304 677 1563 751 nempe
1594 653 1799 731 omni
1831 676 2120 756 prorsus
2139 650 2477 751 adempta
2506 650 2861 747 libertate,
2885 678 3020 733 nec

876 771 1123 843 civitas
1152 770 1301 847 ulla
1344 770 1587 845 relicta
1626 794 1778 845 esse
1817 783 2086 869 potest,
2138 768 2756 866 quemadmodum
2787 770 3020 855 mani-

875 887 1047 961 feste
1108 889 1347 985 legum
1407 887 1822 986 exprimunt
1876 887 2309 960 sanctiones·
2295 940 2314 976 ,
2373 884 2589 959 nobis
2651 910 2827 965 vero
2891 889 3021 962 etsi

871 1004 1128 1101 patria,
1166 1028 1301 1075 nec
1326 1017 1566 1077 tamen
1612 1001 1929 1095 libertas,
1969 1027 2103 1077 nec
2135 1002 2407 1096 civitas,
2449 1006 2608 1076 Deo
2636 1003 2862 1079 nostri
2884 1002 3020 1075 mi-

872 1135 1178 1214 serante,
1240 1119 1577 1218 adempta
1631 1134 1760 1193 est.
1804 1124 1968 1206 Qua
2017 1118 2369 1211 libertate,
2414 1116 2674 1197 eodem
2712 1117 2900 1194 duce
2951 1133 3022 1191 et

870 1251 1304 1335 protectore,
1365 1261 1515 1310 non
1563 1236 1638 1311 in
1680 1237 2138 1311 occasionem
2185 1235 2422 1313 carnis
2469 1234 2706 1329 abuti,
2759 1234 2890 1307 sed
2923 1235 3018 1309 ad

873 1353 1094 1450 ipsius
1128 1353 1550 1427 famulatum
1581 1368 1655 1425 et
1689 1353 2057 1426 servitium
2092 1352 2197 1425 uti
2224 1366 2295 1425 et
2326 1350 2760 1427 conabimur
2793 1366 2868 1427 et
2893 1376 3018 1425 cu·

871 1468 1217 1545 rabimus.

1592 1774 2110 1845 CAPITULUM
2171 1776 2290 1844 vl.

1439 1974 1506 2026 In
1531 1991 1640 2044 quo
1659 1987 1858 2045 quarta
1879 1975 2017 2029 ratio
2041 1975 2443 2028 consolationis.

968 2162 1239 2244 Quarta
1270 2153 1751 2228 consideratio
1791 2181 1919 2227 seu
1953 2156 2222 2253 species
2264 2180 2408 2253 qua
2449 2154 2698 2250 nobiS,
2747 2158 3021 2235 nedum

867 2272 963 2345 ad
994 2272 1370 2371 patienter,
1411 2271 1537 2343 sed
1570 2272 1784 2345 etiam
1825 2272 2216 2367 gaudenter
2263 2288 2334 2345 et
2375 2273 2870 2368 aequanimiter
2911 2275 3020 2347 fe-

867 2388 1178 2459 rendum
1252 2413 1363 2460 res
1440 2403 1718 2461 nostras
1745 2444 1764 2480 ,
1841 2388 2030 2483 vulgi
2107 2389 2572 2463 aestimatione
2639 2388 2973 2467 adversas
2995 2449 3014 2486 ,

867 2505 1310 2597 antidotum,
1350 2507 1482 2575 Dei
1515 2506 1871 2603 aspirante
1908 2504 2438 2597 misericordia,
2482 2506 2938 2598 conficimus,
2977 2533 3018 2580 a

867 2646 1014 2718 quo
1055 2636 1159 2693 est
1190 2622 1533 2719 patientia
1567 2636 1836 2713 nostra,
1875 2636 1946 2691 et
1997 2624 2115 2693 cui
2157 2647 2323 2693 cum
2371 2636 2621 2698 sancto
2657 2624 3020 2721 psalmista

868 2737 1191 2809 canimus
1233 2764 1249 2806 :
1298 2768 1331 2801 a
1375 2742 1476 2807 Tu
1508 2761 1583 2808 es
1618 2738 1957 2835 patientia
1999 2762 2201 2830 mea,
2235 2753 2308 2810 tu
2347 2738 2701 2833 refugium
2729 2764 3009 2833 meum,

867 2866 947 2921 tu
972 2867 1341 2950 susceptor
1372 2878 1573 2923 meus
1601 2868 1672 2924 et
1698 2852 2041 2924 liberator
2072 2878 2302 2948 meus,
2330 2883 2364 2921 n
2397 2855 2598 2951 quod
2626 2856 3016 2929 involucris

865 2982 936 3038 et
983 2967 1569 3065 perplexitatibus
1624 2970 2173 3062 molestissimis,
2213 2969 2476 3066 quibus
2517 2972 2767 3043 irretiti
2805 2987 3015 3047 antea

868 3084 1326 3175 tenebamur,
1377 3086 1822 3157 infinitarum
1864 3110 2243 3158 causarum
2296 3100 2366 3157 et
2414 3088 2646 3159 litium
2703 3087 3014 3161 absoluti

867 3215 937 3271 et
988 3201 1195 3272 liberi
1241 3227 1511 3274 sumus.
1570 3206 1651 3273 In
1700 3203 1961 3299 quibus
1998 3218 2280 3300 quantae
2327 3204 2752 3277 incumbant
2785 3232 3013 3283 emer·

869 3334 1178 3417 gantque
1230 3320 1476 3390 dietim
1539 3322 1961 3414 anxietates,
2015 3321 2394 3414 molestiae,
2448 3320 2904 3405 difficultates
2947 3338 3017 3394 et

868 3462 1090 3529 curae,
1139 3436 1251 3507 his
1309 3440 1699 3535 praesertim
1764 3439 1885 3534 qui
1948 3439 2132 3509 tueri
2187 3436 2460 3509 habent
2507 3452 2580 3509 et
2631 3439 3015 3515 defendere

870 3555 1298 3649 temporales
1337 3570 1407 3623 et
1450 3554 1809 3651 pra'cipue
1843 3554 2348 3625 ecclesiasticas
2384 3554 2914 3650 jurisdictiones
2947 3570 3016 3627 et

869 3667 1379 3763 immunitateS,
1419 3670 1742 3768 profecto
1775 3670 1853 3740 hi
1889 3670 2020 3741 soli
2055 3686 2348 3759 norunt,
2385 3695 2568 3767 quos
2595 3671 3012 3769 hujusmodi

870 3810 1055 3856 curae
1094 3802 1307 3884 atque
1344 3787 1860 3858 sollicitudines
1900 3786 2290 3884 aliquando
2323 3802 2732 3859 tenuerunt.

970 3906 1050 3972 ln
1078 3904 1230 3973 aliis
1284 3904 1674 3974 Galliarum
1726 3904 2140 3999 provinciis,
2183 3905 2254 3974 in
2307 3904 2569 4001 quibus
2614 3928 2843 3976 causae
2886 3928 3015 4003 per

869 4019 1421 4115 appellationem
1489 4019 1578 4092 ad
1643 4020 1917 4090 curiam
1976 4021 2404 4117 parlamenti
2480 4037 2828 4117 tanquam
2899 4048 3012 4094 su-

870 4161 1201 4233 premum
1268 4136 1578 4208 tribunal
1646 4136 2105 4231 deseruntur,
2173 4141 2524 4237 perplexae
2589 4140 2885 4237 quidem
2947 4156 3014 4210 et

869 4252 1189 4325 difficiles
1220 4252 1426 4327 valde
1463 4254 1999 4353 plurimumque
2045 4258 2358 4329 molestae
2398 4272 2566 4336 sunt
2599 4258 3014 4354 hujusmodi
