3400 5417
1130 546 1370 614 INDEX
1408 556 1962 615 CAPITULORUM.
2508 552 2624 611 395

565 754 792 809 militum
810 753 867 808 in
890 754 1069 827 Wyek‚
1098 754 1301 807 Rheraen
1324 762 1376 808 et
1400 754 1655 825 Yselsteyn
1668 774 1690 817 ,-
1707 751 1900 824 qui,e·x
1921 770 2048 819 una,
2069 766 2121 807 et
2142 754 2232 807 alii
2254 691 2625 821 mthefi·¹·⁸⁰2⁸

564 838 759 912 quibus
788 838 1065 911 impletum
1088 838 1189 892 fuit
1212 838 1545 911 Traiectum,
1570 855 1633 891 ex
1658 837 1820 891 altera
1849 836 2108 909 partibus,
2139 848 2305 892 totam
2333 834 2485 910 adja-

563 937 767 979 centem
792 924 1019 997 patriam
1044 922 1305 978 incendiis
1328 938 1380 978 et
1400 922 1598 997 rapinis
1619 934 1955 977 vastaverunt
1962 960 2476 977 ...............
2555 922 2627 975 90

493 1044 817 1099 Cuntinus!
835 1062 962 1101 xxv,
987 1074 1059 1087 —
1088 1046 1167 1097 De
1201 1044 1501 1119 direptione
1531 1044 1722 1117 oppidi
1757 1044 1995 1099 Naar-den
2017 1060 2052 1098 a
2085 1044 2313 1097 rutheris
2343 1044 2482 1097 'Dm-

562 1129 913 1199 jectensibus3
957 1142 1011 1182 et
1049 1128 1325 1199 quomodo
1370 1128 1713 1183 Hollandrini
1759 1128 1906 1203 apud
1948 1130 2140 1183 turrim
2183 1128 2251 1182 de
2288 1134 2483 1194 ἔναυ-ε,

562 1232 727 1285 quam
758 1214 1075 1269 obsidebant
1092 1256 1106 1282 ‚
1139 1215 1304 1286 fugati
1327 1216 1543 1269 fuerunt
1572 1235 1604 1269 a
1630 1216 2053 1286 Trajectensibus
2065 1234 2083 1281 3
2122 1228 2174 1269 et
2207 1212 2484 1285 quomodo

563 1298 665 1369 ipsi
687 1299 1047 1371 Trajectenses
1068 1311 1338 1354 tentarunt
1363 1300 1694 1354 reconciliari
1721 1300 1847 1354 duci
1874 1300 2127 1371 Austriae,
2154 1302 2357 1353 secluso
2387 1316 2484 1352 suo

565 1382 817 1454 pontifice
823 1422 2477 1441 ...............................................
2558 1382 2629 1436 92

494 1506 816 1562 Can-omn
838 1526 981 1565 xxvr.
1014 1538 1085 1551 --
1106 1507 1401 1577 Quomodo
1443 1511 1808 1581 Traiectenses
1841 1508 2123 1564 dominnm
2165 1510 2494 1582 Enghelbefi

564 1604 701 1659 tum,
734 1593 951 1646 fratrem
975 1593 1126 1647 ducis
1148 1594 1425 1661 Clivensis,
1454 1594 1511 1647 in
1536 1594 1724 1667 patrio
1757 1594 2090 1650 defensorem
2120 1594 2485 1663 adsciveruntg

566 1689 618 1730 et
646 1676 717 1730 de
748 1676 899 1731 clade
919 1679 1341 1749 Trajectensium
1367 1680 1425 1734 in
1456 1679 1544 1733 die
1563 1682 1730 1734 sancti
1757 1681 2032 1754 Stephani,
2067 1693 2118 1735 et
2147 1699 2337 1753 magna
2365 1680 2490 1734 civi·

565 1762 685 1816 tatis
709 1762 1075 1819 desolatione..
1090 1803 1104 1816 .
1128 1802 1144 1820 .,
1162 1802 2480 1821 .....................................
2561 1765 2632 1819 96

494 1886 816 1941 ennam
840 1905 1001 1943 xxm.
1028 1917 1101 1930 —
1124 1888 1416 1955 Quomodo
1452 1888 1656 1943 rutheri
1694 1890 2056 1962 Traiectenses
2085 1890 2314 1945 Vianam
2349 1889 2489 1944 irru-

566 1984 791 2042 perunt;
822 1985 874 2024 et
906 1970 975 2025 de
1010 1971 1161 2025 clade
1199 1971 1621 2027 Amersfordensi
1637 2014 1654 2041 ,
1693 1986 1745 2027 et
1767 1970 1836 2026 de
1857 1974 2017 2027 variis
2040 1974 2395 2031 conventibus
2418 1972 2490 2029 ad

565 2054 907 2110 uacmndum
934 2055 1003 2110 de
1027 2076 1158 2129 paee
1178 2076 1211 2111 a
1236 2057 1663 2130 Trajectensibus
1685 2058 2011 2112 simulatorie
2034 2059 2164 2114 actis
2175 2092 2479 2114 .........
2527 2058 2630 2111 ¹03

496 2180 813 2235 ennom:
838 2199 1025 2235 xxvm.
1055 2211 1127 2224 —
1147 2182 1227 2234 De
1250 2192 1463 2235 moneta
1489 2199 1649 2253 quam
1672 2180 2060 2253 Enghelbertus
2085 2179 2210 2234 cudi
2241 2180 2363 2235 fecit
2380 2218 2395 2245 ‚
2437 2194 2488 2234 et

568 2263 636 2318 de
660 2266 814 2337 gestis
841 2284 938 2338 per
961 2284 1107 2332 eum,
1132 2278 1288 2337 atque
1311 2264 1379 2319 de
1402 2265 1680 2319 obsidione
1703 2264 1772 2319 de
1793 2266 2034 2319 Yselstein
2038 2303 2478 2322 .............
2529 2267 2632 2319 108

494 2391 813 2445 Currurmu
850 2404 997 2443 xxxx.
1026 2418 1100 2434 —-·
1126 2391 1205 2444 De
1237 2390 1542 2444 exsecrabili
1587 2391 1861 2463 sacrilegio
1911 2390 2056 2445 necis
2085 2389 2321 2463 episcopi
2343 2390 2490 2444 Leo-

566 2474 762 2528 diensis
780 2514 793 2539 ,
832 2474 1124 2527 commisso
1155 2493 1251 2546 per
1277 2473 1558 2528 dominnm
1585 2474 1946 2529 Wilhelmum
1969 2473 2038 2529 de
2072 2474 2397 2542 Aren-berch,
2430 2474 2488 2526 in

565 2560 719 2631 cujus
742 2559 1090 2631 prosperitate
1113 2572 1164 2612 et
1194 2560 1393 2613 auxilio
1419 2559 1653 2614 seditiosi
1681 2561 2042 2633 Trajectenses
2064 2560 2354 2633 plurimum
2377 2559 2486 2633 spei

568 2642 900 2715 reponebant
910 2681 2481 2701 ............................................
2531 2645 2553 2696 ¹
2568 2646 2632 2695 ¹2

495 2768 815 2823 eumen
847 2786 973 2821 xxx.
1016 2797 1089 2810 —
1124 2767 1414 2835 Quomodo
1450 2768 1597 2822 idem
1626 2769 1905 2841 sacrilegus
1937 2768 2152 2825 intravit
2189 2767 2453 2822 Leodium
2471 2809 2486 2835 ‚

566 2868 618 2908 et
648 2853 819 2925 coegit
854 2855 1055 2907 clerum
1086 2855 1279 2925 eligere
1312 2856 1484 2909 filium
1520 2874 1675 2909 suum
1709 2856 1766 2910 in
1799 2856 2144 2929 episcopum;
2185 2867 2237 2908 et
2266 2854 2491 2925 qualiter

568 2939 948 2994 Brabantiones
972 2940 1251 2992 conatibus
1272 2941 1378 2993 suis
1399 2940 1612 2995 obviam
1638 2941 1813 2995 ierunt
1819 2976 2477 2996 ...................
2528 2940 2632 2991 ¹¹25

495 3048 816 3104 (ἔπιτε-ωτι
833 3067 979 3104 xxxi.
1004 3080 1077 3093 —
1099 3051 1179 3105 De
1212 3052 1491 3107 vanissima
1526 3072 1619 3124 spe
1653 3071 1814 3123 quam
1845 3056 2205 3126 Trajectenses
2240 3070 2491 3127 reposue-

566 3146 691 3187 rant
713 3134 773 3191 iu
793 3135 992 3187 auxilio
1009 3135 1243 3206 primum
1266 3136 1401 3207 regis
1423 3137 1772 3204 Francorum,
1791 3137 2028 3191 secundo
2049 3138 2200 3192 ducis
2213 3138 2488 3202 Clivensis,

569 3219 726 3273 tertio
757 3219 885 3274 dicti
912 3220 1149 3292 sacrilegi
1178 3221 1503 3291 Arenberghe
1518 3260 1536 3287 ,
1564 3238 1596 3273 a
1622 3239 1728 3291 qua
1749 3222 2048 3293 turpissime
2071 3222 2407 3277 exciderunt.
2430 3262 2443 3275 .
2464 3262 2479 3275 .
2529 3224 2631 3275 1¹9

497 3330 815 3385 Cunnum
838 3351 1005 3386 xxxn.
1029 3362 1102 3374 —
1119 3334 1201 3387 De
1226 3332 1460 3387 censuris
1481 3331 1783 3403 apostolicis
1801 3344 1852 3385 et
1875 3330 2170 3386 interdictis
2192 3333 2249 3385 in
2270 3333 2488 3386 rebelles

568 3417 930 3489 Trajectenses
954 3430 1002 3471 et
1026 3432 1165 3471 certa
1182 3418 1297 3470 loca
1313 3418 1677 3489 promulgatis,
1694 3436 1825 3489 quas
1845 3437 1958 3470 non
1982 3417 2248 3471 observari
2269 3437 2302 3472 a
2322 3418 2482 3483 clero,

570 3500 663 3554 sed
686 3502 951 3556 contemni
977 3520 1191 3573 coegere
1222 3500 1384 3554 iidem
1409 3501 1626 3555 rebelles
1637 3540 2477 3558 ........................
2529 3507 2630 3558 184

499 3612 819 3667 cmm-mun
843 3632 1030 3669 xxxm.
1064 3645 1125 3654 ——
1156 3618 1235 3667 De
1261 3632 1391 3685 pace
1420 3614 1549 3667 inita
1577 3614 1716 3666 inter
1743 3614 2074 3667 Ludovicum
2100 3658 2113 3680 ,
2145 3616 2378 3669 Francia
2403 3635 2487 3669 re-

570 3715 707 3767 gem,
736 3710 786 3750 et
818 3698 1258 3763 Maximilianum,
1291 3699 1514 3752 Austriae
1541 3697 1734 3752 ducem
1745 3738 2479 3755 ....................
2527 3703 2627 3755 427

1260 3906 1467 3959 LIBER
1506 3905 1877 3963 SEPTIMUS.

502 4053 821 4107 Cari-runnu
842 4071 1078 4109 ramum.
1101 4084 1171 4095 —
1196 4055 1275 4106 De
1317 4056 1491 4108 latitia
1538 4074 1731 4127 magna
1767 4057 1822 4108 in
1861 4058 2131 4128 utriusque
2175 4056 2488 4111 obedientiae

574 4140 807 4209 populis»,
835 4156 963 4211 pace
988 4141 1123 4193 facta
1147 4139 1284 4191 inter
1307 4159 1481 4210 regem
1508 4154 1557 4193 et
1581 4140 1772 4193 ducem
1797 4142 2219 4195 Maximilianum
2242 4166 2254 4206 ς
2282 4156 2331 4195 et
2355 4162 2487 4213 quo-

576 4224 738 4276 modo
765 4224 871 4275 filia
896 4222 1130 4291 ejusdem
1155 4224 1305 4276 ducis
1329 4224 1395 4276 ad
1418 4244 1670 4297 sponsum
1696 4245 1850 4279 suum
1879 4228 1932 4279 in
1961 4228 2234 4281 Franciam
2261 4227 2486 4281 deducta

575 4308 672 4360 fuit
680 4344 2475 4367 ...................................................
2529 4316 2626 4365 130
