3400 5417
1016 535 1131 591 324
1869 533 2248 593 APOLOGIA
2264 575 2280 601 ‚

1012 666 1171 737 vitae
1204 666 1472 739 exitum
1507 664 1730 735 fecit².
1771 668 1906 736 Pro
1942 666 2205 762 quibus
2235 682 2480 739 tamen
2516 666 2858 739 omnibus
2887 669 3144 741 nostris

1008 778 1583 879 persecutoribus
1634 781 1990 880 supplices
2042 764 2366 855 divinam
2415 807 2794 856 exoramus
2843 784 3148 856 clemen-

1004 901 1183 971 tiam
1220 915 1569 997 quatenus
1602 924 1727 971 eos
1760 924 1846 970 ex
1882 900 2076 997 ipsi3‚
2120 901 2244 998 qui
2277 899 2518 972 adhuc
2552 900 2970 999 superstites
3005 926 3148 972 ma·

1009 1031 1207 1106 nent,
1257 1016 1351 1088 ad
1394 1040 1639 1087 veram
1670 1015 2166 1113 poenitentiam
2212 1041 2369 1114 quae
2414 1016 2942 1113 indulgentiam
2993 1042 3156 1116 pro—

1007 1134 1264 1204 mereri
1311 1132 1542 1204 valeat
1572 1131 2000 1204 delictorum
2031 1131 2418 1221 adducere,
2455 1132 2568 1203 his
2604 1158 2808 1225 vem,
2851 1136 2988 1231 qui
3012 1134 3154 1230 jam

1005 1272 1091 1317 ex
1117 1248 1261 1319 hoc
1296 1246 1554 1319 saeculo
1583 1247 1674 1318 de
1709 1246 1878 1344 ipsis
1899 1246 2354 1336 transierunt,
2392 1248 2746 1345 propitius
2777 1262 2856 1319 et
2887 1249 3160 1319 miseri·

1006 1388 1168 1435 cors
1202 1364 1529 1435 exsistere
1560 1363 1916 1459 dignetur.
1957 1364 2148 1434 Licet
2177 1364 2373 1434 enim
2405 1388 2540 1461 pro
2568 1364 2888 1462 suscepti
2921 1365 3156 1463 operis

1005 1480 1516 1578 adimpletione
1554 1504 1807 1551 eorum
1839 1472 2074 1578 impie
2099 1480 2175 1552 in
2209 1504 2345 1551 nos
2381 1480 2690 1553 admissa
2721 1480 2997 1553 referre
3039 1507 3150 1552 ne·

1004 1618 1196 1666 cesse
1240 1595 1657 1685 habeamus,
1719 1596 1879 1692 plus
1927 1610 2168 1667 tamen
2217 1594 2309 1667 de
2357 1618 2614 1668 eorum
2664 1594 3155 1694 impietatibus

1004 1710 1548 1805 animarumque
1577 1711 1938 1809 periculis,
1981 1734 2200 1805 quam
2233 1735 2368 1809 pro
2406 1711 2688 1783 damnis
2723 1725 2950 1808 atque
2982 1711 3155 1807 inju-

1002 1826 1148 1915 riis,
1187 1851 1363 1923 quas
1402 1830 1534 1925 ipsi
1573 1826 1788 1899 nobis
1823 1826 2240 1917 intulerunt,
2274 1826 2638 1899 tristamur
2676 1841 2751 1898 et
2782 1824 3148 1915 dolemus;

1002 1969 1136 2014 nec
1163 1969 1297 2042 pro
1326 1946 1451 2030 εἰς,
1480 1945 1648 2016 licet
1670 1941 1886 2015 nobis
1912 1942 2416 2016 inimicissimis
2450 1942 2606 2014 sine
2633 1965 2892 2029 causa,
2923 1946 3153 2015 Deum

1001 2059 1404 2158 deprecari,
1437 2061 1639 2157 juxta
1672 2061 2157 2157 evangelicam
2190 2058 2574 2131 Salvatoris
2607 2060 2844 2132 nostri
2884 2058 3152 2131 doctri·

1003 2201 1201 2263 nam,
1241 2192 1455 2273 atque
1482 2200 1690 2249 orare
1719 2176 2119 2248 omisimus.

1664 2456 2187 2527 CAPITULUM
2254 2456 2472 2525 XXII.

1004 2650 1295 2717 Quomodo
1322 2648 1588 2722 praedictis
1612 2650 1780 2703 causis
1805 2662 1854 2702 et
1878 2648 2145 2703 violentiis
2181 2647 2444 2719 prohibiti
2475 2665 2660 2701 sumus
2695 2648 2980 2701 ecclesiam
3011 2668 3150 2720 repe·

1076 2750 1185 2790 tere
1201 2776 1215 2802 ,
1248 2748 1299 2787 et
1322 2734 1471 2804 quod
1496 2732 1564 2786 de
1587 2734 1824 2787 absentia
1849 2746 2034 2788 nostra
2059 2736 2128 2786 ab
2153 2732 2339 2785 eadem
2373 2732 2633 2786 fuerimus
2663 2750 2958 2803 sumusque
2987 2736 3152 2787 ratio-

1074 2823 1322 2875 nabiliter
1350 2821 1602 2874 excusati.

1108 3005 1244 3069 Pro
1272 2996 1688 3093 hujusmodi
1724 2995 1934 3092 igitur
1963 2994 2219 3081 causiS,
2256 2992 2595 3063 violentia
2627 2990 2966 3089 dolisque
2998 3017 3150 3091 pra-

1005 3142 1265 3187 vorum
1334 3130 1403 3185 et
1456 3115 1844 3209 impiorum
1890 3109 2232 3209 prohibiti
2293 3106 2642 3180 hactenus
2707 3106 2980 3179 fuimus
3045 3135 3151 3182 su-

1006 3259 1307 3329 musque
1342 3231 1435 3302 ad
1467 3229 1669 3300 sedes
1701 3228 2029 3325 proprias
2061 3226 2352 3317 reverti,
2389 3225 2743 3319 veritique
2775 3249 3062 3324 semper
3091 3240 3152 3297 et

1007 3377 1155 3422 non
1192 3350 1283 3421 ab
1332 3374 1405 3421 re
1458 3343 1697 3444 pavidi
1733 3368 1866 3414 nos
1898 3344 2084 3413 illius
2121 3341 2314 3434 fidei,
2360 3342 2644 3437 justitiae
2677 3344 3151 3438 potestatique

1010 3467 1481 3553 committere,
1525 3461 1726 3557 cujus
1754 3460 1927 3530 tales
1959 3482 2078 3529 eas
2113 3481 2286 3548 esse,
2328 3457 2572 3552 quales
2604 3481 2822 3553 supra
2858 3459 3151 3528 retexui-

1009 3608 1203 3665 muS,
1256 3578 1724 3667 offendimus,
1778 3591 1850 3646 et
1896 3591 2050 3645 tum
2099 3575 2173 3644 in
2218 3573 2543 3670 plurimis
2582 3573 3062 3671 maximisque
3091 3588 3150 3643 et

1010 3698 1490 3767 illustrissimis
1523 3692 1993 3793 principibus,
2033 3706 2189 3769 tum
2211 3691 2286 3760 iu
2316 3689 2722 3787 nobisipsis
2749 3691 3151 3787 frequenter

1010 3830 1410 3912 compertas
1463 3811 1888 3896 habuimus3
1954 3807 2486 3903 consultiusque
2529 3806 2888 3878 duximus
2948 3823 3150 3904 atque

1010 3931 1420 4028 eligibilius,
1472 3929 1723 4026 procul
1769 3953 1811 3998 a
1863 3925 2192 4023 periculis
2239 3939 2384 3995 tam
2433 3922 2823 3995 manifestis
2868 3939 3150 4021 tamque

1092 4115 1149 4168 1.
1198 4111 1243 4168 11
1282 4112 1366 4167 sut
1405 4110 1641 4167 cx‹'·cut‹‘›
1682 4107 1736 4165 le
1767 4112 1799 4163 7
1834 4105 1977 4163 avril
2011 4108 2166 4164 1473
2203 4108 2232 4161 ἐι
2265 4104 2503 4162 Poitiers
2528 4147 2544 4174 ,
2578 4124 2732 4180 pour
2759 4104 2931 4162 avoir
2959 4105 3052 4159 ete
3079 4103 3150 4158 du

1009 4206 1265 4283 complot
1293 4203 1393 4281 qui
1419 4205 1566 4261 livra
1594 4209 1875 4261 Lectoure
1897 4221 1970 4257 au
1991 4211 2178 4257 comte
2208 4198 2616 4277 d'Armagnac,
2649 4200 2682 4254 ὲ
2706 4198 2765 4255 la
2797 4200 2880 4255 fin
2909 4198 2982 4254 de
3011 4198 3146 4254 l'an-

1012 4321 1119 4358 nee
1148 4300 1512 4377 precedente.
