3400 5417
1062 483 1279 541 unm
1319 483 1619 543 PRIMUS.
2294 485 2415 541 263

267 613 510 684 vincia
556 637 600 684 a
667 636 830 708 rege
880 628 1173 712 perante
1211 614 1582 707 assecutis,
1643 616 1816 710 qui,
1860 615 2063 687 veriti
2117 639 2207 686 ne
2263 617 2409 688 suis

263 725 586 801 destituti
666 728 919 801 officiis
983 745 1354 802 manerent
1380 787 1400 823 ,
1467 745 1536 803 et
1607 731 1763 804 aliis
1840 755 1883 804 a
1954 755 2148 804 novo
2224 731 2409 805 duce

261 841 527 916 eadem
553 846 1198 936 committerentur,
1227 843 1719 919 obedientiam
1745 845 2083 919 exhibere
2110 859 2181 918 et
2206 870 2412 920 man·

262 959 491 1057 datis,
544 963 635 1036 de
698 963 961 1060 quibus
1007 960 1316 1036 diximus
1337 1021 1357 1058 ,
1417 989 1668 1064 parere
1730 961 2215 1036 detrectarunt
2263 992 2280 1034 ε
2331 975 2412 1038 'ut

261 1093 509 1150 custos
540 1081 721 1152 arcis
753 1093 824 1151 et
850 1079 1102 1180 oppidi
1135 1081 1442 1174 Falesiae,
1473 1093 1545 1152 et
1578 1096 1816 1153 custos
1840 1081 2406 1177 Caesaris—Burgi,

259 1196 842 1272 firmissimorum
894 1190 1356 1299 oppidorum.
1421 1202 1753 1286 Quorum
1806 1197 2105 1298 parendi
2142 1197 2415 1270 detrec-

253 1315 444 1386 tatio
506 1328 721 1413 atque
793 1305 1165 1387 reluctatio
1249 1315 1572 1413 profecto
1598 1373 1617 1410 ,
1693 1330 2045 1414 quantum
2108 1315 2413 1387 aliorum

255 1435 394 1530 qui
445 1435 587 1505 suis
643 1447 1037 1532 paruerunt
1111 1433 1360 1506 edictis
1419 1450 1489 1506 et
1548 1431 1905 1506 mandatis
1962 1435 2037 1504 in
2103 1434 2211 1504 sui
2267 1456 2415 1528 ger-

255 1551 465 1622 mani
542 1549 835 1621 affectus
901 1549 1320 1622 transeundi
1373 1544 1875 1648 promptitudo
1940 1551 2216 1646 ingrata
2290 1569 2411 1619 ex·

253 1667 438 1737 stitit
492 1682 564 1736 et
616 1690 863 1758 exosa,
928 1691 1078 1738 non
1135 1667 1374 1737 minus
1423 1665 1747 1761 jucunda
1798 1681 1871 1735 et
1926 1663 2061 1736 sibi
2120 1678 2413 1763 accepta

255 1781 424 1853 fuit.
469 1778 714 1874 Unde,
757 1806 909 1854 non
943 1780 1184 1853 multis
1231 1796 1396 1881 post
1447 1781 1765 1852 decursis
1796 1762 2097 1872 diebus,
2141 1779 2411 1851 eisdem

259 1897 550 1970 arcium
615 1895 1036 1970 custodibus
1091 1912 1162 1968 et
1225 1897 1380 1968 aliis
1436 1921 1620 1992 quos
1677 1895 2009 1968 nondum
2068 1916 2410 1992 germano

251 2037 398 2085 suo
445 2013 863 2086 conciliatos
897 2028 1111 2111 atque
1154 2012 1571 2086 obedientes
1597 2013 1924 2108 agnovit,
1974 2026 2045 2082 et
2072 2011 2411 2082 mandata

252 2141 326 2200 et
366 2131 696 2228 epistolas
732 2132 955 2222 misit,
994 2129 1286 2226 quibus,
1327 2128 1552 2201 multa
1584 2129 1684 2200 eis
1718 2129 2101 2226 pollicituS,
2138 2127 2408 2200 distric-

255 2247 403 2317 tius
443 2244 864 2343 injungebat
900 2261 1113 2342 atque
1149 2245 1435 2317 vetabat
1484 2269 1576 2317 ne
1610 2245 1845 2317 eidem
1880 2268 2219 2342 germano
2274 2269 2405 2316 suo

255 2363 650 2456 ullatenus,
707 2363 831 2436 sed
879 2361 1016 2436 sibi
1059 2363 1194 2436 soli
1246 2375 1619 2461 parerent,
1660 2377 1874 2460 atque
1914 2386 2111 2433 arces
2157 2359 2403 2457 hujus-

257 2479 463 2552 modi
509 2495 871 2553 servarent
921 2495 991 2552 et
1038 2481 1446 2551 retinerent.

983 2759 1413 2827 CAPITULU
1426 2760 1488 2828 M
1562 2759 1678 2828 Vl.

758 2948 928 3000 Aliam
955 2946 1337 3018 indignationis
1365 2966 1576 3000 causam
1601 2950 1902 3001 continens.

354 3133 537 3198 Cum
569 3153 742 3198 vero
776 3129 1212 3199 venissemus
1257 3125 1786 3221 Rothomagum
1810 3185 1829 3218 ,
1888 3130 2263 3227 capitalem
2298 3147 2403 3203 to-

254 3247 394 3316 tius
447 3246 834 3342 provinciae
875 3242 1171 3334 urbem,
1222 3242 1315 3315 ad
1356 3245 1756 3338 ingressum
1810 3246 1978 3316 novi
2018 3244 2219 3317 ducis
2270 3247 2403 3318 ho-

255 3363 667 3434 norandum
733 3362 859 3456 (ad
931 3384 1150 3458 quam
1219 3363 1435 3432 etiam
1503 3361 1593 3432 de
1651 3362 1944 3455 singulis
2016 3363 2401 3460 provinciae

252 3477 574 3575 partibus
609 3479 876 3577 praelati
899 3534 917 3570 ,
953 3479 1248 3548 comites
1281 3491 1355 3549 et
1390 3478 1609 3550 ferme
1645 3501 1896 3550 omnes
1918 3535 1935 3569 ,
1974 3479 2095 3574 qui
2132 3477 2395 3549 hones·

251 3597 433 3670 tiore
483 3597 726 3692 aliquo
777 3607 980 3667 erant
1028 3595 1250 3690 gradu
1314 3611 1438 3666 aut.
1497 3594 1697 3688 loco,
1751 3611 2045 3693 propter
2078 3595 2395 3690 ejusdem

255 3714 429 3782 novi
488 3712 692 3782 ducis
748 3711 1140 3784 adventum
1196 3711 1714 3806 occurrerant),
1762 3725 1831 3782 et
1900 3713 2257 3782 venissent
2304 3713 2395 3783 ad

253 3823 519 3897 ducem
578 3853 850 3899 novum
900 3829 1080 3922 regis
1138 3828 1382 3898 litterae
1426 3829 1727 3924 qualiter
1781 3828 1872 3899 ad
1932 3854 2145 3920 eum,
2212 3830 2396 3923 lega-

253 3943 470 4014 tionis
519 3970 766 4036 causa,
835 3942 1091 4015 ducem
1159 3943 1498 4015 borbonii
1552 3967 1717 4016 cum
1778 3971 1907 4016 suo
1970 3945 2393 4017 cancellario

257 4057 762 4154 nonnullisque
818 4059 970 4130 aliis
1037 4058 1128 4132 de
1203 4083 1334 4129 suo
1395 4060 1727 4130 consilio¹
1796 4059 2195 4131 destinabat
2261 4085 2393 4157 pro

338 4254 395 4309 1.
437 4275 462 4300 α
502 4254 581 4306 Le
616 4272 716 4326 roy
757 4272 984 4327 envoya
1014 4257 1159 4329 Mgr.
1197 4253 1250 4308 le
1283 4253 1396 4310 duc
1424 4253 1495 4309 (le
1529 4251 1797 4310 Bourbon
1818 4297 1833 4320 ‚
1868 4268 1921 4310 et
1950 4275 2021 4311 en
2051 4273 2111 4310 sa
2141 4255 2393 4332 compai-
