3400 5417
910 539 1027 597 268
1772 540 2152 600 ApomGu
2170 582 2187 612 ,

909 671 1172 769 quibus
1203 673 1297 745 ad
1330 672 1626 772 plenum
1657 696 1899 746 rerum
1924 697 2082 769 quae
2115 670 2547 769 gerebantur
2570 686 2645 742 et
2674 671 3035 769 plagarum

909 813 1066 885 quae
1098 814 1141 862 a
1167 787 1629 862 venatoribus
1663 786 2147 864 tendebantur
2173 787 2463 887 praesato
2495 789 2803 887 principi
2832 803 3040 885 atque

908 907 1053 978 suis
1077 962 1098 1000 ‚
1137 907 1451 1004 plurium
1483 904 1626 979 fide
1659 905 2047 1003 dignorum
2081 906 2462 998 relatione,
2504 905 2765 976 veritas
2806 908 3041 1000 agnita

908 1037 1060 1094 erat
1081 1078 1101 1114 ,
1153 1037 1486 1095 coactum
1532 1023 1773 1096 fuisset
1821 1019 2141 1119 ejusdem
2187 1023 2566 1123 principis,
2626 1046 2716 1092 eo
2768 1022 2848 1092 in
2894 1023 3041 1119 ipso

907 1139 1049 1211 illic
1083 1141 1582 1233 interessente‚
1620 1140 2043 1234 consilium,
2090 1156 2164 1214 et
2200 1142 2277 1213 in
2330 1165 2421 1212 eo
2470 1164 2515 1212 a
2558 1137 2773 1211 nobis
2816 1151 2892 1210 et
2926 1163 3048 1236 per

907 1280 1042 1328 nos
1074 1281 1160 1328 ea
1191 1282 1348 1354 quae
1388 1256 1867 1330 imminebant
1910 1271 1983 1328 et
2005 1257 2443 1356 jamjamque
2494 1256 2875 1357 praesentia
2916 1281 3048 1326 un-

908 1370 1123 1467 dique
1171 1371 1687 1470 impendebant
1722 1373 2041 1473 pericula
2062 1428 2083 1466 ,
2122 1373 2333 1446 simul
2370 1386 2442 1444 et
2473 1397 2632 1470 quae
2676 1371 3050 1444 retulimus

908 1487 999 1558 de
1022 1487 1343 1561 Ebroicis
1365 1504 1434 1561 et
1457 1493 1794 1562 Vernone
1818 1491 2335 1588 copiarumque
2362 1491 2721 1584 regiarum
2749 1512 3049 1560 accursu

907 1606 1252 1677 recensita
1284 1621 1357 1677 et
1385 1621 1713 1678 enarrata
1749 1607 2078 1693 fuissent,
2128 1607 2359 1679 annisi
2390 1605 2866 1678 nihilominus
2889 1619 3053 1676 sunt

906 1721 1031 1814 qui
1053 1777 1070 1812 ,
1112 1723 1215 1792 uti
1255 1721 1563 1793 diximus
1592 1778 1612 1814 ,
1661 1735 1812 1794 n‘on
1853 1723 2113 1819 injuria
2148 1723 2420 1794 censeri
2463 1734 2802 1821 poterant
2854 1746 3054 1792 com·

908 1835 1124 1931 plices
1164 1852 1233 1908 et
1280 1839 1659 1936 participes
1708 1840 2070 1932 factionis,
2111 1839 2349 1910 adhuc
2380 1839 2446 1911 ei
2482 1835 2782 1909 suadere
2817 1838 2928 1908 uti
2960 1836 3049 1910 ab

906 1949 1029 2019 illo
1049 1950 1213 2023 loco
1238 1951 1622 2025 abscedere
1655 1978 1805 2025 non
1833 1952 2152 2043 deberet,
2187 1953 2313 2025 sed
2338 1952 2578 2025 adhuc
2606 1952 2709 2024 ibi
2731 1954 3048 2051 opperiri

908 2080 1120 2160 atque
1149 2084 1553 2166 exspectare
1577 2069 1970 2170 saepedictae
1997 2071 2202 2167 regiae
2223 2070 2595 2166 legationis
2620 2067 3044 2140 adventum.

908 2183 1235 2268 Quorum
1270 2187 1592 2284 profecto
1627 2188 1685 2258 si
1718 2187 2033 2259 consiliis
2060 2187 2329 2259 dolosis
2359 2199 2573 2283 atque
2605 2184 2907 2284 perfidis
2944 2211 3049 2257 ac·

910 2299 1334 2393 quiescitum
1371 2303 1643 2392 fuisset,
1687 2303 1982 2375 minime
2026 2327 2169 2375 nox
2214 2304 2544 2403 proxima
2578 2300 2671 2374 ad
2707 2326 3045 2374 auroram

909 2419 1341 2510 pervenisset
1398 2420 1574 2515 quin
1617 2442 1693 2491 se
1743 2419 1894 2517 ipse
1946 2421 2262 2518 optimus
2304 2419 2639 2516 princeps
2684 2443 2857 2489 cum
2910 2421 3045 2489 suis

910 2529 1287 2604 hostilibus
1330 2535 1576 2605 castris
1632 2533 1776 2607 illic
1824 2537 2247 2608 conclusum
2288 2549 2500 2632 atque
2552 2534 2895 2605 vallatum
2942 2537 3042 2604 in·

908 2649 1232 2719 venisset.
1281 2647 1422 2721 Sed
1458 2675 1593 2722 nos
1625 2675 1795 2722 cum
1831 2653 2071 2724 multis
2101 2651 2337 2724 eidem
2370 2652 2676 2750 principi
2716 2649 3043 2722 fidelibus

909 2780 980 2836 et
1037 2766 1506 2840 devotissimis
1529 2825 1550 2860 ‚
1594 2771 1764 2842 satis
1814 2770 2053 2842 multis
2096 2795 2182 2842 ex
2233 2769 2660 2867 conjecturis
2702 2794 3045 2868 quorsum

906 2880 1405 2977 hujuscemodi
1483 2884 1932 2957 fraudulenta
1986 2884 2283 2959 consilia
2336 2885 2898 2979 contenderent,
2961 2885 3047 2956 de

909 2995 1198 3066 veritate
1247 3021 1490 3068 rerum
1536 3021 1716 3093 quas
1761 2998 2157 3089 retulimuS,
2196 3000 2661 3072 certissimam
2700 2999 3049 3072 habentes

912 3111 1326 3205 notionem,
1385 3112 1588 3185 facile
1633 3112 1891 3185 eadem
1935 3115 2236 3187 consilia
2266 3115 2689 3202 evertimus,
2738 3131 2857 3207 et,
2910 3119 3047 3186 Do-

911 3225 1111 3295 mino
1170 3226 1454 3298 volente
1478 3281 1498 3317 ,
1571 3227 1949 3300 salubriter
2002 3230 2276 3301 eisdem
2342 3227 2774 3302 obstitimus.
2842 3230 3047 3301 L'nde

911 3343 1170 3414 nostris
1209 3344 1835 3416 adhortationibus
1860 3345 2053 3416 idem
2087 3347 2447 3447 princePS‚
2491 3361 2560 3418 et
2596 3347 2719 3443 qui
2748 3345 3047 3419 fideliter

909 3459 973 3530 ei
1008 3460 1527 3550 inserviebant,
1575 3459 1899 3532 videntes
1939 3461 2134 3532 aliud
2164 3463 2317 3557 jam
2351 3487 2499 3533 non
2538 3486 2907 3558 superesse
2942 3488 3048 3534 re-

912 3575 1227 3647 medium
1253 3631 1272 3669 ,
1323 3577 1558 3647 statim
1608 3592 1771 3673 post
1812 3576 2183 3648 meridiem
2217 3578 2624 3648 conscensis
2660 3578 2865 3672 equis
2918 3581 3048 3648 mi-

911 3706 1190 3783 grantes
1221 3716 1261 3762 e
1307 3691 1769 3783 Loco-VeriS‚
1828 3715 1976 3788 quo
2017 3692 2167 3787 jam
2217 3717 2445 3791 prope
2486 3693 2685 3764 omni
2721 3717 2807 3763 ex
2850 3708 3047 3790 parte

913 3806 1178 3879 obsessi
1208 3807 1707 3902 cingebantur,
1744 3808 1838 3879 ad
1867 3809 2455 3880 Pontem-Archae
2477 3863 2495 3899 ,
2532 3833 2772 3881 arcem
2798 3807 3049 3880 firmis·

912 3926 1164 3996 simam
1193 3980 1210 4016 ,
1246 3923 1821 4024 pernoctandum
1856 3939 2234 3995 venerunt.

912 4118 1065 4160 actes
1099 4105 1175 4161 du
1217 4105 1300 4161 roi
1319 4148 1334 4172 ‚
1363 4105 1531 4181 apres
1569 4103 1626 4161 la
1663 4101 1805 4160 suite
1834 4102 1906 4159 de
1936 4122 2039 4160 son
2070 4103 2219 4160 frere
2242 4122 2319 4160 en
2350 4105 2633 4180 Bretagne
2653 4145 2669 4172 ,
2702 4102 2789 4159 fut
2816 4101 2889 4157 de
2914 4119 3046 4157 con-

915 4198 1127 4272 fisquer
1156 4198 1238 4252 les
1263 4195 1428 4252 biens
1465 4196 1536 4253 de
1572 4197 1626 4252 la
1665 4197 1885 4253 maison
1924 4194 2257 4252 d'Amboise
2297 4209 2355 4252 et
2400 4195 2472 4251 de
2520 4195 2662 4252 faire
2707 4194 2959 4250 detruire
2998 4194 3045 4250 le

913 4289 1150 4348 chateau
1186 4289 1257 4345 de
1290 4289 1957 4350 Chaumont-sur-Loire.
