3400 5417
1021 512 1095 566 50
1570 508 2084 565 HISTORIARUM
2127 508 2480 566 L1¹Dovlcl
2525 511 2608 565 xl

1019 638 1285 708 nedum
1331 650 1671 731 aegrotum
1691 692 1712 727 ,
1760 636 1883 707 sed
1935 651 2299 709 mortuum
2347 660 2498 707 esse
2539 637 2777 735 plures
2824 662 3145 709 susurra-

1018 769 1176 824 rent
1229 768 1300 823 et
1361 752 1689 823 clanculo
1740 752 2161 847 jactitarent.
2215 756 2466 825 Postea
2521 767 2757 824 tamen
2823 777 3148 851 comper-

1019 886 1170 941 tum
1197 887 1299 942 est
1325 894 1575 942 omnes
1600 869 2092 965 hujuscemodi
2129 894 2450 941 rumores
2483 870 2731 941 inanes
2762 885 2833 941 et
2858 872 3148 941 veritate

1018 1009 1283 1057 vacuos
1320 986 1680 1058 exstitisse.
1725 986 1930 1055 Nulla
1963 986 2155 1055 enim
2190 1000 2343 1055 tum
2379 984 2794 1082 aegritudine
2828 987 3148 1082 corporis

1018 1101 1277 1173 dicitur
1317 1100 1774 1190 decubuisse,
1819 1101 1944 1172 sed
1985 1102 2077 1171 de
2126 1101 2594 1173 instaurando
2637 1118 2708 1172 et
2745 1102 3146 1197 colligendo

1018 1220 1366 1309 exercitu,
1433 1218 1860 1313 tributisque
1910 1218 2385 1310 immanibuS,
2439 1243 2566 1316 per
2617 1242 2871 1289 omnes
2929 1233 3150 1289 terras

1016 1334 1303 1407 ditionis
1345 1361 1487 1406 suae
1532 1334 1989 1431 imponendis
2027 1351 2098 1404 et
2134 1333 2488 1425 levandiS,
2548 1334 2952 1429 cogitabat;
2995 1360 3150 1431 quae

1014 1461 1159 1517 tam
1206 1446 1502 1539 grandia
1552 1446 1695 1515 suis
1747 1444 2014 1539 ubique
2056 1444 2358 1515 subditis
2416 1446 2798 1542 imposuit,
2839 1460 2961 1535 ut,
3020 1470 3152 1543 pro

1016 1582 1143 1628 sua
1190 1558 1373 1627 virili
1420 1557 1788 1656 portione,
1843 1558 2094 1627 misera
2145 1573 2216 1628 et
2271 1556 2510 1627 infelix
2561 1558 3006 1628 Normannia
3061 1558 3150 1627 ad

1013 1674 1456 1769 septingenta
1490 1671 1850 1765 sexaginta
1871 1674 2191 1767 quinque
2219 1673 2438 1743 millia
2467 1671 2878 1742 francorum
2913 1686 3152 1743 taxata

1018 1787 1165 1858 sore
1200 1789 1576 1860 diceretur.
1620 1792 1800 1859 Cum
1841 1803 2077 1858 autem
2111 1789 2396 1859 collatio
2433 1787 2896 1884 praecedentis
2931 1790 3105 1859 anni
3133 1846 3148 1876 ,

1012 1906 1215 1975 tertia
1261 1920 1460 2002 parte
1506 1904 1771 1995 minor,
1825 1905 2049 1974 multa
2106 1904 2323 1975 millia
2373 1903 2863 1974 habitatorum
2915 1905 3154 2001 patriae

1010 2022 1255 2120 inopia
1289 2021 1697 2119 profligasse
1725 2035 1796 2090 et
1820 2021 1892 2089 in
1924 2020 2235 2091 diversas
2271 2034 2488 2091 terras
2518 2036 2588 2091 et
2624 2046 2841 2115 regna
2871 2022 3155 2117 ejecisse

1018 2161 1101 2207 ac
1134 2136 1541 2234 dispersisse
1591 2137 1896 2226 dicatur,
1950 2136 2115 2206 satis
2161 2136 2546 2232 conjectari
2590 2150 2824 2233 potest
2860 2138 3044 2233 quid
3079 2162 3153 2207 ac

1015 2269 1362 2347 quantum
1408 2254 1561 2323 haec
1614 2253 1944 2349 frequens
1996 2253 2282 2323 collatio
2337 2253 2750 2323 calamitatis
2809 2253 2908 2323 illi
2947 2256 3154 2325 mise·

1022 2370 1260 2440 randoe
1294 2370 1677 2465 provinciae
1710 2369 2045 2439 invehere
2082 2370 2401 2439 similiter
2434 2384 2693 2465 posset.

1118 2482 1395 2551 Miserat
1444 2480 1766 2551 militiam
1803 2507 1922 2551 rex
1957 2482 2105 2578 ipse
2132 2538 2148 2570 ,
2195 2482 2292 2552 uti
2340 2482 2688 2573 ‹liximuS,
2725 2483 2963 2553 statim
3001 2499 3155 2580 post

1022 2593 1148 2662 has
1193 2607 1473 2686 treugas
1530 2595 1862 2683 annaleS,
1915 2595 2193 2663 circiter
2247 2595 2437 2664 mille
2490 2610 2560 2664 et
2613 2594 2959 2666 ducentas
3014 2598 3158 2665 lan·

1023 2732 1224 2797 ceas;
1267 2707 1387 2777 sed
1427 2722 1501 2776 ut
1541 2709 1922 2778 exercitum
1963 2734 2168 2779 suum
2207 2709 2296 2779 de
2331 2710 2743 2804 alienigenis
2777 2711 3152 2801 sufficeret,

1026 2838 1190 2893 octo
1233 2825 1342 2893 vel
1378 2825 1625 2894 decem
1674 2825 1894 2895 millia
1933 2827 2363 2896 Suitensium
2389 2883 2406 2915 ‚
2446 2827 2538 2897 ad
2573 2852 2696 2897 sua
2739 2828 3160 2898 militaturos

1028 2939 1381 3035 stipendia
1407 2997 1423 3029 ,
1450 2940 1851 3012 advocavit.
1893 2942 2032 3027 Qui
2069 2943 2315 3039 populi
2355 2943 2751 3039 AlpinateS,
2793 2944 2965 3013 olim
3005 2944 3158 3013 Hel·

1034 3054 1194 3123 vetii
1234 3054 1605 3150 appellati,
1646 3054 1742 3124 ob
1784 3080 1892 3124 res
1919 3080 1960 3125 a
1995 3080 2068 3124 sc
2108 3058 2272 3125 satis
2303 3082 2640 3153 prospere
2666 3055 2860 3127 bello
2892 3073 3153 3152 gestas»,

1031 3195 1172 3267 prae
1208 3172 1471 3240 caeteris
1509 3172 1579 3239 in
1617 3172 1832 3241 armis
1878 3174 2142 3241 strenui
2175 3188 2347 3242 tunc
2380 3172 2803 3243 dicebantur
2837 3189 2908 3245 et
2939 3175 3162 3247 habe-

1034 3285 1319 3357 bantur.

1725 3558 2236 3626 CAI'ITULUM
2287 3560 2466 3625 xlv.

1034 3769 1326 3837 Quomodo
1367 3789 1477 3833 rex,
1508 3789 1627 3821 cum
1669 3784 1875 3839 treugas
1906 3791 2015 3822 non
2056 3771 2252 3823 videret
2293 3772 2581 3840 observari,
2608 3776 2749 3827 misit
2783 3778 3080 3829 exercitum
3117 3781 3163 3828 in

1106 3854 1504 3924 Burgundiam3
1545 3855 1633 3922 qui
1674 3854 1792 3917 sihi,
1835 3854 2070 3905 nondum
2113 3870 2296 3907 exacto
2340 3872 2574 3928 tempore
2621 3875 2956 3929 treugarum,
3000 3876 3167 3914 totum

1105 3942 1411 3992 comitatum
1439 3940 1759 4009 Burgundiae
1787 3942 2059 4008 acquisixit
2088 3957 2131 3991 vt
2158 3943 2418 4012 oppidum
2447 3948 2670 3996 Dolense
2694 3948 2894 3997 evertit.

1135 4122 1347 4216 Igitur
1402 4147 1611 4209 cum,
1675 4122 1768 4189 uti
1831 4122 2177 4208 diximus»,
2249 4138 2504 4217 treugae
2555 4124 2810 4219 passim
2879 4125 3050 4195 hinc
3109 4143 3166 4194 et

1032 4238 1198 4307 inde
1256 4253 1784 4332 rumperentur,
1851 4254 1912 4305 ot
1983 4240 2050 4305 iu
2112 4241 2480 4308 alterutros
2530 4242 2811 4336 culpam
2874 4258 2940 4311 et
3003 4270 3162 4339 rup-
