3400 5417
873 514 989 575 364
1720 522 2091 579 Ammon
2119 564 2136 592 ,

871 676 1119 725 carum
1150 652 1619 725 collationum
1654 678 1878 725 onera
1916 652 2104 726 ultra
2145 654 2452 755 duplum
2493 656 2679 728 illius
2721 658 2998 755 quanti·

870 770 1031 840 tatis
1051 824 1070 863 ,
1110 794 1328 867 quam
1363 768 1456 842 ab
1486 770 1587 841 eis
1613 768 1992 867 exigebant
2023 771 2294 867 Anglici
2311 828 2331 866 ,
2364 772 2812 845 adauxerint.

967 891 1142 973 Quae
1192 888 1605 984 gravamina
1659 902 1872 984 atque
1913 912 2138 960 onera
2158 946 2178 982 ,
2229 890 2394 960 licet
2430 915 2581 961 non
2628 888 2859 989 parva*
2899 892 3003 964 fo-

871 1016 1031 1073 rent
1060 1028 1295 1100 neque
1330 1003 1422 1075 ad
1454 1003 1833 1075 ferendum
1869 1003 2103 1076 facilia
2131 1004 2245 1076 his
2277 1007 2404 1102 qui
2451 1006 2757 1105 priscam
2804 1007 3005 1080 liber-

870 1133 1089 1190 tatem
1133 1144 1207 1190 se
1228 1174 1246 1211 ,
1296 1120 1534 1215 ejectis
1574 1121 1876 1218 Anglicis
1903 1178 1922 1214 ‚
1977 1138 2490 1195 consecuturos
2525 1141 3002 1223 speraverant,

873 1237 1273 1334 quibusque
1328 1240 1423 1310 ita
1477 1237 1751 1309 dictum
1811 1239 2391 1337 promissumque
2471 1240 2738 1335 fuerat,
2814 1243 3010 1315 mitia

873 1370 1113 1426 tamen
1150 1354 1343 1426 fuere
1370 1356 1685 1453 primum
1721 1370 1790 1426 et
1824 1355 2369 1451 quodammodo
2397 1358 2490 1430 ad
2516 1360 3012 1432 sustinendum

874 1470 1055 1541 levia
1106 1495 1358 1541 eorum
1401 1473 1982 1568 comparatione,
2025 1496 2182 1569 quae
2212 1473 2444 1544 etiam
2503 1499 2720 1573 supra
2773 1474 3014 1572 hujus-

874 1585 1073 1656 modi
1124 1587 1312 1658 mala
1359 1586 1750 1657 modernus
1806 1613 1928 1659 rex
1976 1588 2384 1659 Ludovicus
2431 1590 2503 1660 in
2555 1615 2859 1688 regnum
2905 1594 3012 1663 in-

876 1704 1085 1773 vexit.
1134 1707 1313 1777 Nam
1367 1719 1435 1772 et
1482 1705 1893 1799 vectigalia,
1944 1728 2161 1801 supra
2193 1729 2413 1799 quam
2461 1731 2631 1778 suus
2675 1708 3015 1802 exegisset

876 1820 1179 1914 genitor,
1219 1834 1289 1889 et
1330 1819 1661 1891 collectas
1715 1846 1841 1890 seu
1875 1822 2101 1892 tallias
2130 1847 2360 1920 prope
2391 1822 2485 1894 ad
2520 1823 3011 1918 medietatem,

876 1937 1022 2006 imo
1075 1950 1147 2006 et
1193 1935 1283 2007 ad
1340 1935 1644 2033 duplum
1690 1951 1762 2007 et
1809 1937 2101 2033 triplum
2153 1962 2376 2033 usque
2425 1954 2496 2007 et
2549 1940 2856 2037 amplius
2898 1966 3018 2010 cu-

878 2053 1198 2145 mulavit,
1234 2069 1303 2124 et
1328 2054 1527 2124 omni
1547 2053 1904 2123 servitutis
1929 2054 2162 2150 specie
2196 2054 2395 2148 regni
2423 2056 2718 2126 miseros
2738 2056 3020 2127 accolas

876 2172 1303 2265 aggravavit.

975 2285 1254 2372 Quibus
1270 2286 1566 2381 aliisque
1591 2286 1986 2355 innumeris
2006 2285 2236 2373 maliS,
2263 2310 2458 2378 cum,
2482 2302 2562 2356 ut
2594 2312 2812 2385 supra
2837 2303 3021 2358 retu-

876 2401 1121 2492 limu5,
1164 2427 1495 2500 proceres
1539 2402 1766 2496 regni,
1828 2426 1992 2471 cum
2040 2402 2256 2471 unico
2290 2400 2610 2496 ejusdem
2651 2404 2833 2499 regis
2871 2429 3020 2499 ger-

878 2543 1095 2588 mano
1120 2517 1424 2610 collecti,
1464 2517 1736 2588 mederi
1773 2542 1846 2587 se
1884 2517 2063 2587 velle
2107 2518 2605 2615 promitterent
2638 2534 2709 2590 et
2737 2543 3022 2617 compe·

880 2634 1190 2704 tentibus
1208 2635 1562 2725 remediiS‚
1589 2659 1679 2704 ne
1714 2634 2018 2730 amplius
2044 2634 2580 2727 invalescerent,
2606 2635 3014 2732 providere,

878 2752 1149 2825 obortis
1215 2755 1449 2824 statim
1511 2754 1694 2822 inter
1749 2752 2038 2822 eosdem
2090 2751 2566 2823 simultatibus
2617 2768 2687 2823 et
2755 2752 3025 2823 dissen-

878 2869 1221 2962 sionibuS‚
1268 2884 1566 2939 conatus
1597 2893 1846 2939 eorum
1883 2870 1956 2938 in
1996 2869 2274 2939 irritum
2303 2884 2704 2963 cesserunt,
2761 2884 2830 2940 et
2879 2894 3023 2939 me·

878 2986 1054 3056 delis
1083 2986 1241 3078 illis,
1275 2985 1533 3083 quibus
1557 3011 1689 3084 pro
1718 2986 2180 3057 instauranda
2202 3011 2278 3056 re
2303 2986 2592 3085 publica
2619 3001 2694 3056 et
2714 3010 2800 3057 ea
2833 2986 3024 3056 salva

884 3103 1207 3175 facienda
1246 3104 1571 3175 laborare
1607 3129 1679 3173 se
1715 3103 2080 3195 dixerant,
2116 3116 2186 3173 et
2219 3103 2310 3174 ad
2346 3103 2544 3199 quod
2583 3101 3022 3201 sperandum

884 3220 1205 3290 omnium
1275 3222 1696 3291 miserorum
1751 3233 1963 3314 atque
2020 3219 2406 3289 infelicium
2473 3218 3023 3317 provincialium

883 3337 1161 3406 animos
1195 3351 1703 3431 provexerant,
1759 3335 1943 3433 proh
1981 3335 2190 3406 dolor
2223 3332 2238 3403 l
2283 3333 2588 3406 frustrati
2629 3350 2700 3405 et
2745 3332 3022 3407 vacuati

881 3468 1069 3523 sunt.

983 3572 1124 3639 Nos
1186 3595 1381 3662 vem,
1436 3571 1558 3666 qui
1612 3595 1858 3641 amore
1906 3570 2190 3665 justitiae
2240 3584 2311 3640 et
2371 3567 2769 3665 tyrannidis
2820 3568 3017 3659 odj0,

884 3710 1101 3780 quam
1161 3710 1442 3784 semper
1494 3710 1930 3781 omnemque
1979 3685 2393 3781 injustitiam
2449 3700 2519 3754 et
2575 3684 3022 3778 iniquitatem

887 3829 1161 3873 summe
1212 3805 1547 3875 exsecrati
1594 3819 1654 3874 el
1702 3803 2093 3875 abominati
2144 3828 2424 3892 sumuS,
2466 3826 2602 3899 pro
2653 3816 2897 3872 nostra
2933 3802 3028 3870 vi-

890 3921 992 3990 rili
1054 3921 1167 3989 his
1235 3922 1356 4015 qui
1416 3921 1696 4016 justitia.»
1760 3920 2096 3990 zelatores
2161 3917 2678 4016 rempublicam
2734 3942 3027 4013 prorsus

889 4039 1302 4107 exstinctam
1336 4053 1406 4107 et
1432 4038 1579 4133 jam
1613 4037 1893 4134 penitus
1920 4038 2189 4107 nullam
2219 4038 2608 4106 instaurare
2641 4060 2725 4106 ac
2758 4035 3023 4106 salvam

894 4153 1147 4245 facere,
1216 4169 1427 4249 atque
1484 4152 1577 4224 ab
1638 4152 2222 4250 oppressionibus
2283 4151 2666 4247 tyrannicis
2727 4149 3026 4249 patriam

894 4268 1192 4341 liberare
1228 4270 1405 4340 selle
1454 4269 1902 4358 videbantur,
1959 4295 2121 4339 cum
2175 4269 2567 4339 innumeris
2614 4268 2782 4336 viris
2821 4265 3030 4335 bonis
