3400 5417
1052 511 1273 565 LIBER
1331 510 1628 571 PRIMUS.
2280 516 2392 570 337

272 644 388 715 vel
416 642 738 741 periculi.
778 646 981 732 Nam,
1020 655 1098 713 ut
1122 641 1474 714 Dominus
1503 640 1625 734 ait,
1654 642 2001 716 Johannis
2035 650 2169 715 X’:
2206 676 2240 713 α
2279 648 2398 719 llle

271 774 383 830 est
414 758 893 830 mercenarius
924 771 994 828 et
1026 782 1173 829 non
1206 772 1474 856 pastor,
1512 759 1670 855 qui,
1710 757 1958 833 videns
1990 760 2244 859 lupum
2277 787 2402 833 ve-

272 875 635 961 nientem,
688 872 977 944 dimittit
1026 897 1197 944 oves
1241 886 1311 943 et
1352 872 1552 968 fugit.
1599 902 1633 940 »
1687 876 1916 973 Super
1960 900 2106 971 quo
2152 874 2404 950 beatus

271 989 662 1083 Gregorius
685 1045 703 1081 ‚
756 989 829 1058 in
870 988 1201 1079 homilia,
1253 985 1425 1059 dicit
1480 988 1676 1086 quod
1720 990 1931 1089 lupus
1983 1016 2195 1090 super
2236 1018 2406 1064 oves

272 1107 496 1197 venit,
536 1129 701 1177 cum
742 1104 1038 1202 quilibet
1073 1104 1373 1199 injustus
1402 1119 1472 1176 et
1512 1120 1756 1203 raptor
1800 1106 2042 1178 fideles
2085 1132 2408 1205 quosque

270 1235 490 1317 atque
525 1220 831 1291 humiles
862 1221 1224 1317 opprimit.

376 1337 515 1407 Sed
548 1336 683 1408 hac
718 1335 1118 1432 objectione
1161 1360 1309 1406 non
1350 1333 1676 1407 obstante
1714 1336 2202 1435 similibusque
2247 1364 2413 1411 auc-

272 1451 681 1524 toritatibus
713 1453 821 1523 vel
857 1452 1315 1547 argumentis,
1354 1476 1509 1547 quae
1543 1451 1614 1522 in
1651 1452 1790 1522 hac
1821 1456 2116 1525 materia
2152 1455 2415 1527 adduci

272 1584 606 1668 possunt,
649 1594 688 1639 e
725 1568 985 1665 quibus
1035 1568 1419 1639 nonnullas
1455 1568 1749 1639 adducit
1780 1572 2059 1650 Doctor
2095 1586 2415 1642 sanctus¹

274 1684 353 1753 in
387 1683 714 1755 Secunda
755 1682 1122 1774 Secundae,
1166 1697 1409 1779 quaest.
1458 1685 1623 1775 181,
1664 1698 1795 1755 art.
1855 1686 1894 1754 5
1920 1741 1938 1773 ,
1979 1685 2214 1755 nullus
2245 1709 2419 1757 sana

275 1814 519 1870 mente
555 1799 806 1869 dixerit
838 1799 1012 1893 quin
1060 1798 1513 1894 aliquotienS,
1572 1798 1665 1868 ad
1708 1799 2212 1871 declinandam
2259 1825 2418 1897 per-

276 1916 721 1985 secutionem
754 1928 1226 2009 tyrannorum
1251 1925 1373 1983 aut
1404 1913 1817 2008 impiorum,
1851 1913 2058 1984 liceat
2078 1916 2418 2012 episcopo

277 2030 747 2127 corporaliter
775 2054 1060 2124 gregem
1085 2029 1431 2118 deserere,
1458 2028 1753 2124 quando
1782 2052 1824 2099 a
1849 2029 2422 2125 persecutoribus

277 2146 677 2243 specialiter
717 2145 1078 2243 quaeritur,
1120 2157 1191 2214 et
1226 2142 1316 2213 de
1352 2140 1518 2213 fidei
1552 2142 2016 2214 subversione
2050 2144 2162 2214 vel
2196 2146 2421 2241 gregis

280 2258 508 2329 salute
571 2281 719 2328 non
776 2256 1087 2345 timetur,
1149 2253 1549 2325 dummodo
1604 2278 1732 2350 per
1788 2254 2007 2325 alium
2062 2280 2187 2325 seu
2242 2256 2421 2327 alios

280 2375 476 2469 gregi
511 2372 970 2471 provideatur
1000 2369 1434 2441 sufficienter
1461 2370 1651 2440 circa
1683 2395 1766 2441 ea
1807 2394 1962 2465 quae
1994 2370 2086 2443 ad
2121 2370 2421 2442 salutem

278 2507 448 2563 sunt
518 2491 933 2562 necessaria.
1003 2493 1157 2557 Hoc
1216 2487 1409 2557 enim
1468 2486 1564 2556 ita
1618 2511 1943 2583 expresse
1998 2485 2422 2558 determinat

282 2607 535 2679 beatus
566 2607 993 2703 Augustinus
1019 2605 1091 2673 in
1114 2601 1412 2699 epistola
1432 2599 1522 2670 ad
1554 2604 2031 2699 Honoratum,
2057 2616 2126 2671 et
2153 2606 2422 2673 Doctor

278 2739 566 2795 sanctus
599 2739 759 2821 post
784 2748 976 2811 eum,
1007 2723 1079 2790 in
1112 2720 1275 2787 loco
1306 2718 1631 2812 allegato·
1670 2720 1825 2787 Hoc
1855 2718 2068 2788 etiam
2097 2742 2420 2815 expresse

280 2840 757 2930 habetuerl,
793 2852 1035 2935 quaest.
1078 2843 1142 2925 1,
1168 2838 1217 2927 S
1254 2862 1289 2901 «
1318 2834 1497 2903 Hinc
1528 2833 1740 2903 etiam
1764 2866 1826 2921 »,
1864 2832 1988 2903 ubi
2024 2834 2095 2904 in
2122 2849 2318 2905 textu
2350 2851 2419 2906 et

280 2955 514 3049 glossa
538 2957 748 3052 plene
776 2954 866 3024 de
900 2948 1312 3047 hujusmodi
1347 2950 1641 3020 materia
1665 2964 2028 3040 tractatur,
2071 2965 2140 3020 et
2173 2966 2416 3022 aucto-

282 3072 610 3142 ritatibus
640 3088 709 3143 et
734 3068 1073 3164 exemplis
1096 3063 1510 3159 hujusmodi
1538 3066 1886 3134 sententia
1913 3064 2412 3156 confirmatur;

286 3189 473 3257 inter
534 3211 709 3282 quas
775 3183 1073 3254 omnino
1144 3192 1247 3249 est
1312 3176 1812 3269 irrefragabilis
1879 3179 1997 3248 illa
2038 3181 2418 3251 Salvatoris

282 3303 564 3399 (Mauh.
604 3306 729 3396 X0)
760 3295 1228 3398 praecipientis
1262 3293 1599 3390 apostolis
1634 3294 1802 3384 suiS,
1834 3318 2145 3388 quorum
2172 3295 2414 3365 locum

286 3434 530 3490 tenent
561 3417 872 3515 episcopi
913 3442 927 3483 ε
974 3444 1007 3480 «
1048 3412 1119 3480 Si
1156 3435 1281 3480 vos
1330 3410 1676 3505 persecuti
1724 3408 1984 3478 suerint
2026 3410 2097 3479 in
2143 3434 2286 3481 una
2321 3412 2415 3481 ci-

285 3538 525 3624 vitate,
560 3536 770 3629 sugite
807 3533 877 3600 in
904 3531 1139 3601 aliam.
1175 3557 1206 3593 »
1247 3531 1418 3612 Qua·
1449 3526 1504 3593 si
1539 3524 1926 3618 aliquando
1955 3526 2196 3595 locum
2231 3525 2412 3596 obti-

288 3669 488 3743 neat,
530 3666 700 3721 tunc
742 3663 927 3719 certe
970 3647 1100 3716 erit
1142 3642 1434 3740 quando
1470 3642 1541 3709 in
1579 3641 1811 3709 solum
1855 3655 2210 3736 pastorem
2245 3669 2408 3740 per·

284 3770 556 3840 secutio
600 3765 825 3854 saevit,
879 3777 947 3832 et
995 3787 1121 3857 per
1165 3760 1313 3854 ejus
1363 3757 1598 3849 fugam
1653 3771 1774 3826 ant
1824 3781 2171 3827 recessum
2226 3761 2412 3830 salus

285 3886 513 3981 gregis
572 3907 718 3952 non
765 3878 1224 3977 periclitatur,
1277 3872 1400 3943 sed
1451 3872 1516 3941 ei
1574 3896 1702 3967 per
1758 3872 1934 3942 alios
1984 3874 2413 3946 sufficienter

284 3998 725 4098 proxidetur.
774 4027 805 4059 «
851 3997 1030 4064 Cum
1064 3990 1255 4062 enim
1296 4016 1330 4054 »
1376 4001 1451 4056 ut
1484 3986 1580 4056 ait
1618 3990 1886 4060 Doctor
1930 4004 2214 4060 sanctus
2260 4022 2293 4055 <c
2334 3992 2408 4059 in

370 4228 426 4281 1.
473 4223 633 4281 Saint
658 4221 903 4277 Thomas
931 4214 1202 4291 d'Aquin.

447 4356 511 4390 ιιι
2101 4330 2172 4381 22²
