3400 5417
1025 431 1143 506 ’¹04
1570 440 2084 504 ms'roauuwu
2130 439 2487 497 Lunovm
2524 439 2611 494 xi

955 645 960 650 ,
1029 569 1210 642 tium
1257 568 1408 666 ipse
1461 567 1791 639 sustinuit
1841 591 1927 638 ac
1972 566 2155 638 vires
2203 567 2695 665 impetumque
2740 567 3113 665 intercepit,

1027 709 1120 766 ne
1147 683 1440 770 ulterius
1469 681 1827 755 vincendo
1855 697 1927 754 et
1952 681 2447 780 conquirendo
2483 681 2949 781 procederent
2972 709 2991 772 3
3022 705 3119 752 ve·

1025 825 1189 881 rum
1233 801 1446 875 etiam
1495 799 1589 874 ad
1628 801 1965 876 ultimum
2010 813 2163 874 toto
2207 823 2430 930 regno
2476 799 2749 897 expulit
2790 814 2863 870 et
2904 798 3113 894 ejecit,

1023 915 1516 1021 recuperando
1567 940 1719 990 non
1766 915 1991 988 modo
2045 916 2449 1044 provincias
2498 917 2699 1010 regni
2750 915 3119 1014 potentissi-

957 1073 966 1082 =
1025 1057 1212 1122 mas,
1261 1056 1438 1128 quas
1504 1032 1618 1106 vel
1661 1009 1998 1126 genitoris
2041 1031 2189 1121 sui,
2230 1031 2345 1103 vel
2401 1055 2534 1102 suo
2566 1030 2785 1104 etiam
2831 1046 3115 1128 tempore

1023 1162 1503 1246 occuparant,
1577 1146 1705 1218 sed
1764 1149 1979 1220 etiam
2042 1147 2490 1242 Aquitaniam
2556 1161 2627 1220 et
2687 1147 3111 1236 Vasconiam‚

1021 1287 1241 1362 quam
1276 1263 1469 1335 velut
1513 1265 1882 1360 propriam
1924 1263 2205 1336 circiter
2256 1287 2385 1361 per
2430 1286 2661 1338 annos
2690 1262 3026 1338 ducentos
3062 1277 3116 1332 et

1017 1383 1536 1479 quinquaginta
1582 1381 1850 1475 Anglici
1898 1395 2300 1454 tenuerant.
2356 1385 2519 1454 Post
2582 1404 2761 1477 quas
2825 1381 3114 1462 victorias

1020 1495 1156 1568 sihi
1190 1496 1527 1570 divinitus
1561 1521 1935 1569 concessas
1954 1553 1972 1590 ,
2012 1497 2247 1595 ipsum
2282 1521 2583 1591 regnum
2605 1507 2783 1566 tunc
2809 1494 3113 1592 quodam·

1018 1612 1240 1684 modo
1275 1613 1468 1688 velut
1500 1612 1819 1685 effoetum
1845 1627 1917 1684 et
1950 1637 2307 1708 exsangue
2352 1611 2683 1684 effectum
2703 1668 2723 1704 ,
2769 1626 2845 1684 et
2870 1611 3113 1710 populis

1017 1725 1434 1802 mirabiliter
1482 1728 1921 1800 diminutum
1958 1744 2171 1826 atque
2211 1729 2605 1822 desertum,
2642 1753 2733 1798 eo
2774 1725 2969 1822 quod
2996 1739 3111 1798 tam

1015 1844 1143 1916 diu
1199 1860 1491 1921 externa
1541 1860 1756 1941 atque
1795 1848 2129 1920 intestina
2168 1845 2357 1919 bella
2404 1845 2875 1942 militiamque
2915 1858 2983 1915 et
3019 1843 3113 1914 tri·

1014 1958 1273 2032 butum
1294 2016 1314 2054 ,
1351 1962 1536 2058 proh
1571 1959 1822 2034 dolor!
1864 1963 2270 2054 tolerasset,
2320 1979 2464 2036 tam
2491 1961 2885 2059 prudenter
2916 1959 3113 2056 dispo-

1015 2077 1187 2163 suit,
1225 2091 1308 2148 ut
1354 2078 1823 2152 instauratum
1849 2087 2002 2176 jam
2043 2082 2119 2150 in
2150 2079 2430 2152 bonum
2466 2093 2730 2154 statum
2757 2095 2829 2150 et
2872 2081 2943 2152 in
2977 2102 3113 2148 con-

1014 2193 1440 2272 valescentia
1467 2195 1739 2292 optima
1762 2195 2221 2266 reflorescens
2251 2196 2483 2292 ipsum
2509 2194 2659 2269 filio
2691 2195 3106 2290 relinqueret.

1015 2308 1155 2393 Qui
1185 2309 1278 2399 si,
1326 2311 1545 2406 patris
1579 2311 1891 2382 imitatus
1922 2311 2377 2407 prudentiam
2406 2325 2476 2380 et
2506 2311 2834 2402 virtutes,
2874 2312 3107 2406 ipsum,

1012 2419 1116 2489 uti
1144 2419 1603 2494 inchoaverat
1623 2479 1642 2514 ,
1678 2448 2041 2517 resurgere
2075 2438 2145 2493 et
2175 2448 2574 2494 excrescere
2607 2424 2681 2492 in
2718 2422 2963 2520 populi
3002 2444 3110 2490 nu-

1015 2536 1415 2609 merositate
1467 2552 1535 2608 et
1579 2537 1839 2632 opibus
1876 2540 2335 2636 permisisset,
2392 2538 2645 2636 procul
2703 2537 2961 2629 dubio,
3004 2559 3109 2608 suo

1015 2663 1334 2747 tempore
1384 2653 1457 2721 in
1495 2666 1769 2722 tantum
1805 2655 2199 2726 coalescere
2243 2669 2311 2724 et
2358 2654 2732 2724 instaurari
2764 2653 3105 2750 potuisset,

1017 2778 1095 2834 ut
1148 2765 1241 2836 ad
1299 2767 1696 2862 priscorum
1757 2768 2043 2842 illorum
2091 2786 2501 2866 temporum
2568 2769 2995 2858 felicitatem,
3050 2766 3107 2836 in

1014 2881 1275 2979 quibus
1306 2885 1609 2953 maxime
1653 2883 2095 2976 effloruerat,
2135 2911 2333 2982 pa‘ne
2366 2885 2709 2982 potuisset
2747 2882 3101 2980 pervenire.

1013 2997 1217 3090 Atqui
1261 2997 1519 3092 quibus
1538 2999 1845 3088 artibus,
1885 3026 2026 3097 qua
2059 3001 2436 3097 prudentia
2469 3015 2679 3096 atque
2707 2999 3106 3069 humanitate

1016 3113 1287 3210 ipsum,
1350 3115 1532 3212 proh
1586 3114 1835 3186 dolor!
1907 3116 2487 3206 administrarit¹,
2549 3114 2842 3186 ulterius
2890 3111 3105 3184 referre

1016 3227 1195 3299 foret
1226 3256 1772 3328 supervacuum.
1817 3234 1996 3303 Satis
2042 3234 2235 3304 enim
2280 3257 2631 3329 superque
2668 3257 2753 3304 ex
2788 3231 2932 3320 his,
2978 3251 3103 3324 quae

1016 3369 1229 3441 supra
1274 3372 1317 3418 a
1361 3347 1571 3419 nobis
1617 3349 1837 3422 relata
1884 3365 2083 3440 sunt,
2122 3348 2386 3420 sactum
2418 3363 2525 3420 est
2566 3348 3017 3444 conspicuum
3046 3358 3101 3414 et

1017 3462 1492 3536 manifestum.

1101 3677 1150 3728 ¹.
1204 3678 1308 3733 Ms.
1345 3681 1788 3732 administraret.
