3400 5417
922 511 1037 566 172
1469 511 1987 570 HISTORIARUM
2029 512 2387 572 LUDovlcl
2428 515 2513 570 XI

1641 783 2157 854 CAPlTULUM
2208 785 2328 853 xl.

1328 963 1406 1016 De
1431 963 1727 1033 clementia,
1758 965 1869 1019 imo
1896 967 2070 1020 verius
2091 967 2159 1023 de
2184 965 2496 1022 crudelitate
2517 968 2647 1041 ejus.

1017 1123 1459 1202 Clementem
1506 1129 1686 1201 forte
1727 1131 1888 1228 quis
1926 1154 2095 1202 eum
2138 1129 2349 1201 fuisse
2388 1154 2701 1202 asserere
2735 1129 3031 1224 audebit,

918 1273 1082 1319 cum
1123 1249 1584 1346 quamplures
1630 1273 1715 1318 ex
1758 1248 1896 1340 his,
1943 1250 2069 1346 qui
2110 1263 2362 1320 contra
2392 1245 2521 1344 [se]
2564 1249 3040 1347 conspirarant

915 1365 1026 1436 vel
1075 1363 1687 1462 conspiratoribus
1745 1388 1895 1435 sese
1948 1365 2460 1460 adjunxerant,
2513 1389 2664 1436 non
2716 1366 2934 1438 modo
2978 1368 3037 1437 in

917 1484 1216 1579 gratiam
1248 1482 1594 1580 receperit
1625 1483 1727 1552 eis
1764 1480 2003 1553 delicti
2034 1483 2319 1553 veniam
2364 1480 2857 1553 condonando
2878 1541 2897 1575 ,
2938 1509 3042 1554 ve·

918 1622 1078 1667 rum
1114 1598 1326 1683 etiam
1377 1612 1448 1668 et
1491 1597 1797 1694 praemiis
1838 1598 2115 1692 magnis
2165 1597 2482 1669 affecerit
2522 1596 3044 1694 sublimaritque

920 1712 1347 1784 honoribus.
1395 1714 1533 1784 Sed
1571 1739 1612 1784 e
1647 1713 1931 1783 diverso
1976 1714 2049 1783 in
2093 1714 2333 1811 plures
2380 1726 2525 1784 tam
2569 1737 2794 1784 saevus
2826 1729 2897 1784 et
2930 1715 3042 1784 im·

915 1829 1284 1927 placabilis
1318 1828 1474 1921 fuit,
1514 1831 1638 1925 qui
1673 1855 1809 1900 nec
1839 1830 1912 1898 in
1938 1854 2106 1900 eum
2144 1829 2542 1926 quidquam
2568 1843 2767 1900 recto
2793 1829 3045 1924 judicio

919 1947 1197 2018 ostendi
1231 1961 1564 2043 poterant
1600 1945 2011 2040 deliquisse,
2050 1961 2129 2016 ut
2161 1969 2312 2034 θος,
2351 1947 2678 2043 quamvis
2716 1946 3040 2038 insonteS,

917 2062 1028 2134 vel
1084 2077 1315 2133 morte
1341 2115 1358 2146 ,
1416 2062 1528 2132 vel
1582 2060 2229 2159 proscriptionibus
2273 2087 2423 2132 non
2481 2063 2569 2132 sit
2617 2063 2883 2134 veritus
2919 2061 3048 2135 affi-

916 2203 1102 2249 cere.
1155 2176 1346 2264 Quid
1400 2175 1789 2247 referemus
1837 2176 1928 2248 de
1968 2178 2125 2273 ipso
2180 2178 2457 2274 optimo
2509 2179 2839 2275 principe
2886 2178 3045 2249 duce

917 2293 1009 2364 de
1046 2300 1428 2385 Nemeum,
1472 2317 1692 2390 quem
1724 2293 2001 2364 Parisiis
2038 2293 2270 2389 capite
2311 2292 2525 2388 plecti
2567 2293 2755 2382 fecit,
2796 2293 2909 2364 his
2939 2294 3041 2388 qui

917 2411 1278 2505 graviores
1319 2423 1389 2479 et
1445 2409 1761 2506 potiores
1813 2421 2019 2479 erant
2071 2407 2161 2478 de
2211 2431 2339 2478 sua
2390 2409 2587 2479 curia
2634 2408 3041 2480 Par-lamenti

916 2550 1082 2596 eum
1125 2524 1648 2596 absolvendum
1690 2525 1844 2595 fore
1876 2521 2370 2612 censentibus3
2409 2548 2593 2618 quos
2639 2524 2817 2620 ipse,
2857 2549 3047 2622 prop·

917 2657 1112 2714 terea
1151 2643 1351 2739 quod
1398 2642 1542 2711 suis
1594 2640 1860 2736 iniquis
1900 2637 2402 2710 affectionibus
2437 2640 2733 2709 minime
2770 2640 3043 2710 assenti-

919 2773 1103 2848 rent,
1157 2759 1352 2828 curia
1389 2772 1460 2827 et
1498 2754 1905 2828 honoribus
1944 2756 2214 2825 amovit
2248 2770 2496 2849 atque,
2530 2769 2609 2824 ut.
2635 2755 2899 2851 potuit,
2936 2754 3042 2824 de-

919 2873 1323 2946 honestavit
1339 2875 1355 2908 ¹
1384 2872 1412 2940 ?

1017 2995 1253 3077 Quam
1288 3011 1460 3057 vero
1499 2985 1763 3058 acerbo
1815 2986 2305 3082 insequeretur
2352 2986 2524 3056 odio
2567 2986 2907 3080 juvenem
2941 2985 3047 3055 du·

919 3131 1076 3175 cem
1109 3103 1537 3193 Alenconii²,
1579 3101 1783 3196 cujus
1816 3115 2091 3199 patrem
2122 3103 2195 3172 in
2230 3116 2463 3172 castro
2484 3101 2575 3172 de
2610 3107 2905 3194 Lectum,
2936 3106 3045 3173 Pa-

919 3222 1124 3310 risiiS‚
1172 3219 1264 3291 ad
1297 3217 1580 3291 obitum
1616 3243 1841 3313 usque
1880 3218 2243 3314 captivum
2275 3218 2616 3288 asservari
2652 3216 2876 3308 fecit³‚
2910 3219 3045 3315 quis

1005 3431 1064 3486 1.
1111 3431 1258 3503 Voy
1298 3440 1337 3482 t.
1372 3431 1450 3496 Π,
1485 3447 1544 3504 p.
1579 3429 1716 3483 394.

1050 3521 1271 3580 ,Rene
1310 3519 1361 3574 d
1371 3501 1662 3594 mengon,
1713 3533 1903 3576 comte
1940 3519 2012 3576 de
2047 3481 2268 3578 Perche
2301 3521 2379 3577 du
2418 3521 2618 3577 vivant
2656 3519 2729 3576 de
2764 3540 2869 3578 son
2901 3523 3038 3598 pere.

922 3562 1092 3672 Louis
1124 3617 1209 3670 XI
1237 3615 1289 3670 le
1319 3613 1379 3669 fit
1407 3615 1626 3670 arreter
1653 3632 1725 3668 en
1750 3615 1930 3684 1481,
1954 3633 2026 3670 au
2057 3629 2313 3671 moment
2342 3617 2419 3670 ou
2445 3614 2481 3670 il
2514 3615 2671 3671 allait
2699 3636 2725 3671 s
2729 3614 2932 3672 'ensuir
2954 3633 3039 3670 au

923 3729 1052 3784 pres
1083 3708 1158 3765 du
1186 3709 1299 3766 duc
1333 3709 1404 3765 de
1433 3713 1714 3786 Bretagne
1742 3729 1818 3766 ou
1857 3722 2016 3786 peut
2026 3712 2148 3766 titre
2174 3729 2244 3766 en
2274 3710 2545 3768 Flandie.

1009 3809 1065 3859 3.
1112 3809 1192 3860 Le
1233 3803 1344 3860 duc
1383 3803 1435 3859 d
1443 3803 1740 3875 Mem-on,
1780 3805 1967 3880 giwatie
2004 3824 2117 3858 unc
2155 3825 2225 3880 pl
2228 3824 2439 3860 enneie
2476 3803 2579 3859 fois
2614 3806 2647 3859 ἐι
2682 3803 3045 3860 1”ω·υηειιιεηῑ

922 3898 994 3954 cle
1023 3897 1199 3954 Louis
1235 3900 1352 3964 XI,
1395 3915 1511 3952 unc
1539 3895 1789 3951 seconde
1817 3895 1923 3951 sois
1952 3916 2021 3953 en
2066 3900 2219 3953 1469
2256 3916 2403 3972 pour
2432 3895 2597 3953 avoir
2636 3895 2780 3953 livre
2810 3897 3041 3964 Alentjon

922 4011 1039 4052 aux
1067 3995 1308 4048 Bretons
1331 3989 1583 4067 pendant
1609 3989 1662 4044 la
1692 4009 1897 4065 guerre
1928 3988 2005 4045 du
2034 3989 2162 4045 bien
2200 3989 2391 4066 public
2414 4035 2430 4061 ,
2464 4009 2578 4046 unc
2608 3989 2891 4046 troisiemc
2920 3989 3038 4055 sois,

925 4105 996 4141 en
1047 4088 1235 4155 1475,
1279 4086 1447 4162 apres
1490 4083 1654 4139 avoir
1703 4085 1793 4138 ὕει’·
1838 4083 2159 4140 condamm?
2202 4087 2233 4139 a
2283 4096 2433 4140 mort
2470 4103 2577 4161 par
2612 4084 2665 4139 le
2710 4083 3037 4160 parlement,

928 4191 1162 4234 mourut
1198 4198 1270 4236 en
1303 4181 1482 4248 1476,
1513 4196 1628 4233 non
1667 4197 1769 4254 pas
1814 4197 1887 4234 au
1928 4182 2182 4248 Louvre‚
2220 4177 2363 4234 mais
2399 4176 2539 4235 dans
2585 4177 2641 4232 la
2670 4177 2885 4233 maison
2918 4175 3035 4231 d'un

925 4273 1234 4349 bourgeois
1268 4273 1342 4331 de
1372 4273 1532 4330 Paris
1555 4291 1669 4348 que
1706 4272 1879 4328 Louis
1920 4277 2001 4329 XI
2031 4273 2109 4329 lui
2141 4273 2297 4330 avait
2332 4271 2559 4329 donnee
2585 4292 2735 4348 pour
2760 4271 2963 4347 prison.
