3400 5417
863 480 982 553 298
1716 488 2140 562 spument,

863 649 996 722 pro
1025 623 1457 720 quibusdam
1479 647 1737 721 parum
1763 640 1887 695 aut
1913 623 2095 695 nihil
2119 624 2533 696 necessariis
2554 649 2681 696 seu
2712 625 3001 698 utilibus

861 743 1114 831 causiS,
1152 742 1523 837 legationis
1552 764 1790 830 causa,
1827 739 2472 838 proficisceremur.

961 861 1134 944 Quae
1167 883 1277 929 res
1312 857 1524 929 nobis
1569 873 1639 928 et
1673 859 1903 954 gravis
1944 858 2040 929 ad
2072 859 2516 956 portandum
2553 874 2628 932 et
2656 860 3001 932 molestis-

860 975 1041 1047 sima
1074 975 1228 1065 fuit,
1269 1001 1436 1046 cum
1459 990 1530 1047 et
1554 974 1644 1046 de
1667 974 2071 1073 sumptibus
2102 991 2175 1047 et
2206 959 2481 1048 viaticis
2505 975 2717 1048 nobis
2748 975 3003 1047 fiendis

860 1093 1057 1165 nulla
1111 1118 1402 1191 prorsus
1451 1094 1725 1166 mentio
1778 1093 2191 1183 haberetur,
2239 1109 2309 1166 et
2359 1096 2512 1186 via,
2570 1120 2728 1193 quae
2782 1095 3005 1168 confi·

859 1209 1116 1282 cienda
1162 1225 1337 1298 erat,
1391 1210 1720 1281 maximis
1764 1225 1835 1282 et
1870 1233 2288 1306 guerrarum
2320 1223 2393 1281 et
2433 1201 3005 1282 latrunculorum

861 1321 1310 1397 obsideretur
1347 1323 1706 1422 periculis,
1747 1323 1889 1396 Sed
1920 1317 2141 1396 etiam
2172 1339 2246 1396 et
2278 1325 2459 1397 citra
2492 1341 2565 1397 et
2594 1326 2828 1396 multo
2862 1350 3009 1398 am-

860 1438 1048 1536 plius
1096 1441 1281 1512 ultra
1327 1445 1747 1536 Pyrenaeum
1797 1439 1907 1510 sol
1954 1439 2465 1530 incalescebat,
2518 1441 2619 1513 ita
2670 1456 2753 1512 ut
2771 1493 2792 1530 ,
2837 1465 3007 1513 cum

864 1557 1339 1630 Barcinonam
1370 1559 1725 1646 venimus,
1754 1573 1827 1629 et
1851 1556 2032 1629 sabae
2062 1557 2139 1628 in
2174 1559 2360 1654 agris
2386 1558 2537 1654 jam
2568 1559 2773 1629 siccae
2806 1573 2883 1628 et
2908 1561 3011 1628 ni·

862 1699 1025 1769 grae,
1065 1689 1135 1744 et
1169 1699 1430 1745 messes
1461 1699 1546 1745 ex
1572 1689 1775 1771 parte
1808 1673 2119 1745 collectae
2154 1661 2413 1746 essent.
2453 1673 2595 1753 Sed
2624 1690 2780 1747 esto
2810 1675 3011 1771 quod

863 1813 997 1860 nec
1032 1791 1121 1861 de
1157 1791 1432 1862 viaticis
1466 1791 1707 1888 aliqua
1744 1788 1958 1861 nobis
1989 1790 2281 1862 daretur
2312 1791 2659 1888 provisiO,
2697 1812 2837 1862 nec
2864 1791 3011 1864 ulla

863 1907 1029 1976 satis
1069 1905 1462 2003 probabilis
1512 1907 1695 1978 ratio
1746 1907 2056 2003 exigeret
2105 1920 2183 1975 ut
2232 1907 2357 1978 tali
2414 1907 2699 1978 muneri
2748 1905 3015 1977 subde·

862 2046 1130 2109 remur,
1163 2037 1402 2094 tamen
1423 2075 1442 2112 ,
1489 2023 1726 2093 omnis
1758 2022 2233 2093 excusationis
2264 2022 2527 2118 rejecta
2550 2021 3007 2116 allegatione,

863 2136 1074 2207 nobis
1115 2163 1364 2234 parere
1417 2138 1787 2235 praeceptis
1827 2161 2115 2208 necesse
2160 2136 2314 2207 fuit.
2355 2137 2486 2207 Illo
2518 2127 2769 2233 itaque
2796 2151 3007 2226 tunc,

862 2269 941 2324 ut
971 2253 1307 2344 diximus,
1351 2270 1703 2352 tempore,
1743 2280 1910 2326 cum
1943 2254 2161 2352 potiri
2191 2254 2483 2326 licentia
2514 2253 2606 2325 de
2631 2253 3011 2326 redeundo

862 2374 938 2444 in
987 2374 1358 2443 Franciam
1406 2372 1618 2444 nobis
1662 2372 1945 2443 indulta
1990 2395 2503 2469 sperassemu5‚
2553 2388 2625 2443 et
2654 2372 2849 2443 infra
2896 2373 3013 2442 tri—

862 2489 1090 2559 duum
1127 2513 1259 2558 nos
1304 2511 1706 2559 recessuros
1752 2487 2397 2584 proposuissemus,
2438 2487 2843 2559 necessario
2876 2513 3007 2558 no-

863 2604 974 2674 bis
1002 2602 1603 2701 proficiscendum
1653 2603 1785 2673 fuit
1826 2617 1896 2673 et
1936 2601 2265 2699 praefatos
2314 2602 2577 2674 ducem
2617 2625 2707 2673 ac
2750 2602 3006 2674 urbem

863 2722 1338 2793 Barcinonam
1373 2721 1597 2792 adire.
1638 2725 1721 2789 ln
1757 2744 1903 2816 quo
1938 2719 2216 2804 itinere,
2255 2743 2423 2790 cum
2455 2721 2688 2817 patria
2720 2720 2843 2792 illa
2877 2723 3006 2792 Ca·

865 2837 1143 2907 taloniae
1189 2862 1343 2931 quae
1372 2837 1944 2933 Amptffitanum¹
1980 2835 2403 2932 appellatur,
2449 2837 2762 2907 totaliter
2812 2862 3006 2934 paene

861 2954 1072 3023 variis
1115 2976 1530 3047 guerrarum
1573 2951 2097 3023 calamitatibus
2132 2967 2436 3041 vastata,
2481 2967 2632 3024 tota
2678 2954 3004 3049 squalens

862 3081 1074 3162 atque
1110 3067 1378 3136 inculta
1414 3066 1706 3162 jaceret,
1758 3082 2032 3138 tantam
2079 3066 2559 3162 hospitiorum
2598 3069 3000 3140 incommo-

863 3182 1189 3272 ditatem,
1229 3195 1500 3253 tantam
1540 3183 1956 3254 victualium
2001 3198 2559 3281 caeterarumque
2596 3209 2843 3255 rerum
2878 3211 3002 3282 pe-

863 3299 1144 3368 nuriam
1175 3300 1358 3395 passi
1383 3323 1653 3391 sumu5,
1684 3314 1764 3368 ut
1797 3324 1997 3396 paene
2033 3297 2425 3396 aliquando
2461 3321 2596 3370 nos
2615 3315 2712 3392 et,
2748 3301 3000 3397 quibus

863 3413 1330 3504 vehebamur,
1371 3415 1697 3510 jumenta
1747 3414 1931 3487 same
1969 3415 2461 3487 defecerimus.

862 3592 1127 3657 Ioannes,
1161 3587 1506 3642 serenissimi
1535 3590 1754 3642 domini
1794 3594 1941 3664 regis
1970 3589 2383 3664 prz‘mogerzitus
2407 3631 2424 3659 ‚
2456 3595 2686 3663 ejusque
2714 3607 3002 3664 regnorum

864 3695 919 3737 et
963 3696 1236 3736 terrarum
1276 3685 1599 3756 Arag‹.›num
1621 3728 1636 3754 ,
1675 3683 1882 3738 Siciliae
1905 3724 1920 3751 ‚
1952 3695 2086 3753 ete„
2119 3680 2458 3758 gubernator
2502 3694 2559 3736 et
2596 3685 2776 3736 Iocum
2820 3695 3005 3737 tenens

858 3777 1170 3848 generalis,
1200 3775 1322 3827 dua:
1354 3772 1632 3830 Calabria:
1661 3787 1719 3829 et
1752 3775 2136 3849 Lotlmringiae
2165 3794 2233 3829 ac
2264 3780 2537 3848 princeps
2564 3775 2863 3830 Gemndae.
2902 3777 3003 3829 Les

865 3879 1012 3922 mots
1043 3865 1190 3923 bonae
1206 3873 1505 3934 memoricc,
1527 3867 1750 3923 accoles
1781 3870 1810 3922 a
1841 3885 1944 3924 son
1975 3885 2134 3940 nom,
2169 3865 2473 3942 indiquent
2497 3867 2639 3943 qu’il
2668 3866 2825 3924 avait
2851 3867 3003 3922 cesse

865 3959 936 4016 de
979 3959 1140 4017 vivre
1192 3961 1424 4036 lorsque
1465 3959 1713 4017 Thomas
1754 3961 1923 4016 Basin
1952 3959 2190 4016 ecrivait
2231 3979 2335 4016 son
2372 3959 2659 4039 apologie.
2700 3959 3004 4016 Effective-

865 4066 1024 4111 ment
1058 4055 1094 4110 il
1143 4067 1374 4111 mourut
1418 4072 1490 4109 en
1529 4057 1708 4124 1470,
1753 4054 1899 4112 ainsi
1944 4053 2119 4129 qu'on
2168 4053 2241 4109 l'a
2280 4053 2407 4124 deja
2448 4053 2549 4110 fait
2588 4063 2927 4130 remarquer
2966 4053 2997 4107 ὲ

865 4146 1158 4203 l’Histoire
1193 4146 1269 4202 du
1298 4147 1476 4222 regne
1504 4145 1577 4204 de
1604 4148 1777 4206 Louis
1813 4151 1920 4220 XI,
1957 4161 1997 4204 t.
2030 4151 2118 4212 ΙΙ,
2151 4165 2213 4224 p.
2251 4150 2388 4203 277.

952 4243 1009 4296 1.
1057 4244 1136 4296 Le
1166 4237 1599 4315 Lampourdan.
