3400 5417
1087 466 1305 521 LIBER
1345 464 1750 522 SECUNDUS.
2372 468 2487 527 385

362 595 743 692 complecti
796 593 1227 669 sufficienter
1281 619 1489 695 posse
1535 595 2042 669 existimamus.
2093 596 2194 670 Ad
2243 622 2494 671 omnes

359 709 553 781 enim
624 710 808 783 rixas
862 727 932 783 et
975 712 1071 785 ad
1109 736 1361 785 omnes
1414 711 1844 805 cachinnOS,
1899 711 1992 784 ad
2039 737 2292 787 omnes
2328 739 2498 786 con-

358 826 715 899 tentiones
761 842 834 899 et
888 827 1383 900 altercationes
1408 883 1429 922 ,
1487 827 1580 899 ad
1634 851 1929 899 omnem
1980 828 2071 899 de
2105 832 2492 928 possessio-

352 940 567 1013 nibus
618 943 732 1015 vel
777 941 1156 1014 mobilium
1211 944 1323 1015 vel
1380 942 1864 1016 immobilium
1915 968 2156 1017 rerum
2202 961 2492 1019 contro·

356 1058 663 1131 versiam
680 1116 700 1153 ,
781 1060 973 1132 velut
1039 1060 1705 1158 promovendorum
1772 1085 1859 1132 ac
1920 1062 2492 1136 suscitandorum

356 1174 749 1270 litigiorum
784 1176 1115 1247 omnium
1159 1162 1486 1250 stimulus
1531 1177 1862 1275 quidam,
1920 1194 2176 1276 praesto
2218 1204 2497 1280 semper

355 1290 557 1363 adest
584 1306 659 1365 et
692 1293 1081 1389 unicuique
1109 1296 1590 1391 paratissimus
1622 1293 2004 1366 adhibetur
2027 1298 2080 1385 ¹3
2121 1292 2494 1394 firmatque

352 1431 439 1479 ac
494 1421 639 1479 tam
686 1409 1027 1481 tenaciter
1075 1411 1387 1482 aduncat
1429 1424 1500 1481 et
1553 1435 1722 1483 eum
1755 1412 1958 1507 cujus
2003 1436 2086 1483 ex
2131 1436 2256 1483 ore
2295 1413 2491 1507 vola-

352 1526 573 1614 verit,
642 1540 715 1596 et
765 1552 930 1598 eum
987 1542 1239 1598 contra
1293 1552 1507 1622 quem
1550 1528 1846 1599 emissus
1895 1527 2015 1620 sit,
2069 1541 2153 1601 ut
2195 1529 2312 1599 vix
2362 1528 2491 1600 ali-

354 1641 648 1736 quando
684 1657 957 1739 postea,
992 1644 1127 1713 nisi
1169 1657 1333 1739 post
1366 1666 1667 1739 magnos
1698 1657 2022 1740 sumptus
2049 1656 2120 1714 et
2165 1640 2484 1737 laboreS‚

350 1756 564 1827 etiam
620 1757 1101 1854 quamtumvis
1147 1758 1332 1827 inter
1367 1781 1515 1828 sese
1557 1757 2030 1828 reconciliatae
2080 1756 2220 1827 sint
2257 1772 2493 1855 partes

349 1885 423 1942 et
485 1871 988 1945 benevolentia
1050 1887 1261 1969 atque
1308 1873 1619 1944 amicitia
1682 1873 1999 1963 reunitae,
2065 1896 2138 1943 se
2205 1874 2487 1945 uncinis

349 1985 537 2058 illius
596 2004 666 2059 et
717 1987 990 2085 laqueis
1038 1991 1313 2086 possint
1366 1989 1719 2061 evolvere.
1799 1992 2098 2059 Gratum
2161 1990 2484 2087 profecto

348 2118 420 2174 et
453 2104 819 2176 lucrosum
870 2106 1085 2175 totius
1136 2106 1375 2202 patriae
1430 2104 1887 2177 advocationi
1917 2119 1987 2175 et
2018 2103 2484 2177 tribunalium

353 2218 607 2291 officiis
649 2220 1150 2313 adinventum,
1188 2220 1387 2316 quod
1422 2220 1715 2315 singulis
1758 2243 1957 2315 paene
1989 2218 2188 2291 horis
2222 2236 2295 2291 et
2327 2246 2482 2295 mo-

352 2337 610 2407 mentis
672 2336 827 2409 lites
882 2338 1067 2408 inter
1125 2337 1595 2436 provinciales
1660 2338 1737 2408 in
1803 2338 2005 2408 omni
2063 2363 2263 2435 paene
2316 2339 2480 2411 loco

348 2455 558 2526 saciat
603 2455 867 2525 exoriri
911 2482 926 2524 :
985 2479 1178 2552 quae,
1228 2454 1354 2525 ubi
1403 2480 1491 2526 eo
1545 2456 1697 2526 solo
1728 2453 1953 2525 verbo
1994 2454 2195 2553 lapso
2227 2480 2312 2527 ex
2353 2481 2478 2529 ore

349 2574 564 2644 semel
600 2572 871 2644 obortae
903 2587 975 2643 et
1006 2572 1291 2643 initiatae
1321 2586 1513 2660 sunt,
1562 2571 1838 2643 tamdiu
1883 2571 2266 2667 litigatores
2322 2598 2482 2671 per-

347 2689 594 2785 plexos
624 2688 948 2759 irretiunt
977 2702 1055 2757 ut
1088 2689 1284 2760 nulla
1304 2688 1804 2778 transactione,
1832 2687 2028 2758 nulla
2056 2688 2471 2781 concordia,

346 2805 616 2903 absque
648 2806 912 2876 mulcta
942 2830 1066 2875 seu
1094 2803 1423 2891 emenda,
1464 2829 1538 2875 se
1557 2805 1830 2902 possint
1856 2803 1947 2875 ab
1982 2804 2080 2874 eis
2114 2805 2468 2901 expedire.

448 2923 726 2992 Diutius
779 2922 1019 2991 forsan
1074 2921 1150 2989 in
1209 2921 1548 3017 exemplis
1605 2920 2021 3016 adjiciendis
2074 2921 2166 2991 de
2216 2922 2476 3017 iniquis

351 3040 596 3136 patriis
657 3053 911 3107 nostra».
946 3038 1401 3109 Normanniae
1438 3037 2079 3108 consuetudinibus
2119 3038 2475 3111 immorati

350 3179 629 3246 sumuS,
670 3178 885 3250 quam
923 3153 1124 3222 initio
1169 3152 1397 3223 facere
1436 3152 2001 3224 instituissemus.
2055 3158 2197 3224 Nec
2234 3168 2470 3225 tamen

350 3270 445 3342 ad
482 3294 600 3342 eas
654 3268 1165 3368 improbandas
1212 3268 1373 3364 jura
1428 3267 1729 3361 allegare
1779 3282 1850 3337 et
1906 3269 2254 3359 rationeS,
2317 3297 2473 3367 quae

348 3388 637 3483 copiose
664 3402 733 3456 et
766 3386 967 3458 facile
1000 3384 1091 3455 ad
1141 3384 1282 3454 hoc
1323 3383 1565 3454 induci
1602 3398 1916 3480 possent,
1949 3383 2466 3476 laboravimus;

348 3502 472 3570 sed
524 3498 1071 3590 tantummodo,
1125 3497 1693 3595 exemplificandi
1745 3501 1963 3593 gratia
1991 3556 2008 3587 ,
2047 3524 2248 3571 casus
2296 3525 2470 3597 pra·-

348 3622 577 3693 dictos
607 3645 876 3719 paucos
906 3644 990 3690 ex
1032 3618 1269 3689 multis
1296 3633 1366 3689 et
1397 3644 1595 3715 paene
1639 3620 2030 3689 innumeris
2070 3621 2470 3709 retulimuS,

430 3851 457 3904 1
475 3892 488 3905 .
521 3845 722 3907 C'etait
751 3845 805 3903 la
828 3865 906 3903 un
934 3844 1077 3903 abus
1110 3843 1183 3901 de
1211 3844 1341 3901 date
1370 3844 1629 3914 recente,
1662 3862 1762 3901 car
1791 3843 2017 3921 d'aprcs
2040 3844 2092 3903 la
2123 3843 2316 3902 vieille
2342 3864 2476 3903 cou-

350 3954 503 4001 tume
534 3941 607 3999 de
633 3939 982 3998 Normandie
1016 3962 1027 3995 ε
1064 3964 1087 3992 «ι
1122 3943 1241 3997 Nus
1271 3959 1343 3996 ne
1372 3937 1660 3996 doitcrier
1687 3940 1860 3993 sumu
1888 3940 2003 3993 sors
2029 3958 2134 4015 par
2161 3951 2291 4014 trop
2311 3952 2476 4015 grant

344 4034 623 4115 besoing,
654 4035 699 4093 si
729 4054 953 4093 comme
986 4056 1092 4113 par
1122 4035 1249 4106 seu,
1296 4054 1403 4111 par
1440 4034 1663 4091 larrons
1698 4045 1756 4089 et
1797 4051 1902 4109 par
1940 4031 2286 4099 l1omicide5‚
2329 4052 2478 4110 pour

348 4129 605 4189 roberics
628 4176 642 4202 ‚
679 4142 786 4185 etc.
828 4131 946 4185 Mos
982 4130 1309 4205 quiconque
1344 4127 1463 4185 crie
1494 4129 1669 4182 haren
1708 4145 1838 4182 sans
1877 4124 2018 4202 peril
2055 4138 2216 4203 apert
2258 4138 2313 4181 et
2361 4144 2477 4181 nia-

346 4227 549 4287 niseste
569 4274 583 4297 ,
613 4226 648 4281 il
678 4226 730 4283 le
760 4224 877 4282 doit
904 4224 1182 4283 amender
1209 4243 1281 4281 au
1311 4220 1531 4301 prince.
1572 4248 1597 4271 οι
1635 4226 1728 4279 Du
1756 4224 1980 4299 Gange,
2013 4220 2051 4277 1.
2086 4242 2137 4277 c..

589 4345 655 4381 111
2079 4319 2153 4372 25
