3400 5417
1147 517 1366 576 LIBER
1419 517 1718 580 rmrms.
2377 521 2493 582 247

370 653 580 739 alitus
619 667 690 724 et
722 651 1089 744 confotus„
1121 650 1553 750 sperandum
1580 652 1670 723 de
1703 669 1791 724 eo
1826 655 2047 727 cuivis
2075 655 2276 728 facile
2297 655 2495 732 vide-

369 767 582 841 batur
633 768 869 866 quod,
927 768 1077 839 visa
1129 769 1346 838 totius
1398 791 1598 864 paene
1657 772 1854 866 regni
1902 774 2009 843 sui
2062 771 2498 846 lamentabili

367 885 708 982 pauperie
757 901 841 956 ac
883 883 1320 955 desolatione
1340 938 1360 976 ,
1411 899 1662 956 mente
1712 889 2108 983 recogitans
2160 887 2492 984 gloriam,

367 999 672 1090 divitias,
704 999 1142 1096 opulentiam
1179 1014 1390 1096 atque
1419 999 1867 1074 honestatem
1911 1023 2069 1100 quae
2099 1004 2173 1075 in
2215 1004 2499 1103 oppidis

365 1116 501 1186 illis
534 1114 929 1210 insignibus
962 1115 1456 1187 Flandriarum
1490 1130 1561 1187 et
1583 1119 1884 1188 aliarum
1920 1134 2263 1192 terrarum
2284 1176 2303 1214 ,
2340 1147 2497 1218 quae

365 1229 501 1302 sub
557 1231 840 1302 illustris
897 1229 1316 1326 Burgundiae
1367 1230 1626 1302 domus
1686 1232 1989 1329 imperio
2042 1235 2366 1309 visuntur
2426 1250 2498 1306 et

365 1344 501 1416 sub
563 1345 822 1416 eodem
881 1346 1182 1443 imperio
1245 1346 1508 1417 mirum
1572 1347 1647 1417 in
1717 1347 2021 1418 modum
2077 1350 2498 1422 coaluerunt

365 1473 582 1559 atque
638 1473 1124 1554 excreverunt,
1163 1463 1220 1532 si
1271 1481 1414 1559 qua
1457 1464 1533 1533 in
1575 1488 1663 1534 eo
1701 1465 1977 1536 virtutis
2011 1455 2399 1559 aemulatiO,
2438 1469 2495 1538 si

363 1579 524 1674 quis
556 1580 797 1675 patriae
827 1599 1064 1669 amor,
1114 1578 1172 1648 si
1215 1597 1359 1672 qua
1408 1579 1673 1675 cupido
1720 1578 1953 1650 laudis
1984 1593 2053 1650 et
2110 1581 2385 1676 gloriae,
2436 1583 2495 1654 si

362 1715 508 1788 qua
545 1694 1056 1791 compassionis
1103 1709 1172 1765 et
1203 1695 1674 1765 miserationis
1707 1696 1976 1767 viscera
1998 1752 2015 1787 ,
2052 1697 2110 1766 si
2142 1718 2286 1794 qua
2326 1717 2494 1794 pos-

361 1822 593 1879 tremo
622 1810 753 1880 Dei
771 1809 1163 1880 reverentia
1195 1808 1550 1902 timorque
1570 1809 2015 1898 exstitissent,
2053 1811 2250 1906 quod
2280 1829 2491 1906 gene-

359 1945 567 1995 rosus
597 1927 891 2022 piusque
947 1939 1018 1995 et
1056 1923 1410 2018 benignus
1446 1924 1576 1993 viri
1630 1925 1911 1996 animus
1953 1926 2229 1997 incitari
2279 1941 2489 2022 atque

358 2041 788 2113 inflammari
833 2039 1223 2128 debuisset,
1261 2055 1343 2111 ut
1388 2039 1765 2110 artificium
1810 2041 1987 2112 illud
2032 2043 2489 2114 moderandae

358 2155 464 2224 rei
509 2153 810 2251 publicae
850 2156 926 2224 in
965 2175 1266 2249 regnum
1305 2173 1552 2244 suum,
1601 2178 1686 2222 ex
1731 2154 1844 2224 his
1895 2178 2051 2250 quae
2101 2155 2375 2228 viderat
2419 2175 2489 2230 et

357 2273 844 2367 experimento
902 2270 1369 2368 probaverat,
1437 2269 1813 2341 transferre
1871 2287 2083 2366 atque
2151 2274 2486 2346 invehere

357 2389 666 2460 voluisse
700 2388 1014 2480 deberet,
1053 2389 1359 2483 totisque
1382 2385 1759 2458 conatibus
1793 2401 2005 2480 atque
2035 2388 2283 2458 studiis
2316 2391 2487 2462 eniti

357 2516 438 2574 ut
472 2506 707 2601 ipsum
761 2521 1098 2599 regnum,
1159 2503 1332 2574 olim
1375 2501 1668 2597 quidem
1728 2503 2301 2574 florentissimum
2336 2529 2485 2576 om-

355 2624 704 2718 niumque
766 2645 988 2718 opum
1049 2620 1410 2691 affluentia
1464 2633 1531 2689 et
1590 2619 2027 2715 populorum
2091 2619 2485 2715 frequentia

355 2737 920 2828 refertissimum,
985 2735 1076 2806 ad
1126 2737 1392 2832 priscas
1446 2748 1515 2804 et
1562 2734 1655 2806 ad
1691 2735 2017 2829 antiquas
2058 2754 2219 2804 suas
2256 2735 2485 2830 digni-

354 2868 567 2942 tateS,
605 2851 964 2923 libertates
994 2865 1204 2946 atque
1239 2851 1679 2947 opulentiam
1714 2865 1784 2919 et
1813 2849 2183 2920 decentem
2203 2851 2484 2944 justitiae

353 2966 664 3055 cultum,
710 2962 1001 3060 quibuS,
1043 2962 1230 3059 proh
1270 2959 1515 3031 dolor!
1571 2961 1790 3030 ferme
1834 2960 2115 3057 penitus
2149 2961 2481 3034 orbatum

353 3096 459 3152 est
491 3096 560 3151 et
587 3081 999 3150 destitutum
1019 3133 1037 3169 ,
1077 3092 1442 3148 revocaret
1469 3091 1539 3147 et
1564 3079 2010 3146 instauraret.

453 3199 597 3269 'sali
635 3199 844 3292 igitur
888 3195 1101 3266 erecti
1137 3209 1351 3290 atque
1400 3193 1553 3262 freti
1606 3215 1766 3288 spe,
1815 3190 1906 3260 ad
1952 3215 2168 3286 quam
2216 3209 2286 3264 et
2334 3196 2481 3291 ipse

353 3329 527 3385 tuno
555 3311 919 3384 communi
953 3335 1084 3383 suo
1111 3333 1439 3382 sermone
1468 3307 1992 3401 regnicolarum
2017 3309 2293 3378 animos
2322 3334 2484 3405 pro-

351 3431 723 3515 movebat,
760 3451 926 3500 cum
960 3429 1266 3499 crastino
1298 3425 1438 3514 die,
1471 3440 1851 3522 postquam
1886 3423 2117 3493 Remis
2141 3425 2320 3494 sacri
2342 3424 2481 3495 olei

349 3547 710 3618 delibutus
761 3546 984 3616 suerat
1031 3546 1408 3634 unctione,
1461 3542 1552 3612 ad
1601 3541 1834 3636 ipsum
1881 3541 2477 3612 consalutandum

347 3665 443 3736 ad
487 3664 997 3735 monasterium
1039 3658 1728 3732 Sancti-Theodorici
1770 3671 1967 3728 extra
2003 3657 2290 3749 urbem,
2332 3683 2476 3753 quo

345 3805 423 3852 se
469 3781 879 3878 hospitandi
930 3781 1151 3874 gratia
1194 3777 1628 3864 contulerat,
1679 3775 2246 3863 accessissemus),
2298 3776 2483 3848 sacta

345 3921 515 3966 cum
553 3897 753 3966 omni
782 3897 1179 3965 humilitate
1214 3907 1425 3987 atque
1468 3891 1859 3960 reverentia
1894 3891 2349 3982 salutatione,
2391 3893 2480 3960 de

343 4012 634 4083 duobus
659 4013 1003 4108 majestati
1041 4035 1181 4082 suae
1213 4010 1504 4080 devotas
1545 4031 1788 4103 preces
1836 4007 2194 4094 fecimus¹‚
2236 4022 2305 4077 et
2337 4007 2477 4077 hoc

430 4189 484 4240 1.
533 4187 848 4260 Comparer
902 4184 955 4239 le
1012 4182 1182 4258 chap.
1225 4203 1325 4246 111,
1382 4180 1423 4236 l.
1471 4183 1535 4250 I,
1596 4178 1666 4234 (lc
1722 4177 2015 4235 l'Histoirc
2065 4178 2141 4235 du
2190 4179 2363 4254 regne
2412 4178 2481 4233 de

339 4279 517 4336 Louis
553 4281 669 4346 XI,
704 4289 744 4334 t.
777 4277 864 4347 II,
895 4297 954 4351 p.
993 4277 1089 4334 10.
