3400 5417
985 573 1100 630 326
1837 570 2218 628 APOLOGIA
2235 612 2252 641 ,

980 728 1130 774 non
1165 692 1735 802 improbabiliter
1767 692 2193 777 addubitare
2226 703 2390 806 fecit
2420 729 2542 797 ne,
2579 704 2664 797 si,
2708 696 2802 777 de
2834 690 3130 802 quibus·

978 845 1292 918 cumque
1331 834 1400 890 et
1433 820 2049 916 qualitercumque
2086 818 2443 893 roboratis
2481 821 2626 891 suis
2657 818 2918 891 confisi
2961 847 3130 921 pro-

980 936 1480 1029 missionibus,
1530 936 1605 1006 in
1656 951 1880 1007 terras
1919 931 2442 1008 reverteremur
2475 960 2622 1007 suae
2663 932 3006 1027 ditionis,
3057 953 3130 1009 ut

979 1079 1130 1126 non
1175 1050 1487 1127 deterius
1530 1053 2004 1151 suspicemur,
2044 1077 2253 1151 pares
2289 1051 2544 1125 saltem
2591 1054 2666 1124 in
2715 1054 2960 1153 poenis
3001 1055 3131 1127 illis

979 1173 1124 1243 suis
1147 1168 1519 1269 quondam
1548 1168 1995 1241 amicissimis
2023 1168 2157 1243 hos
2181 1168 2470 1262 faceret,
2495 1165 2764 1242 scilicet
2783 1170 3132 1243 cardinali

979 1286 1206 1359 Balzoe
1263 1303 1335 1360 et
1393 1267 1828 1358 virdunensi
1892 1287 2283 1385 episcop0,·
2338 1310 2524 1382 quos
2577 1283 2752 1357 diris
2815 1302 2898 1357 et
2947 1288 3130 1359 tetris

978 1403 1426 1501 mancipatos
1469 1398 1878 1474 carceribus
1915 1402 2068 1500 jam
2111 1402 2334 1475 ferme
2380 1427 2512 1500 per
2548 1404 3132 1500 quinquennium

980 1520 1359 1591 asservavit
1391 1534 1605 1615 atque
1639 1534 1988 1609 asservat3
2029 1516 2129 1590 ita
2158 1506 2426 1617 quippe
2467 1532 2550 1589 ut
2579 1518 2656 1589 in
2695 1517 2916 1591 tanto
2958 1523 3128 1591 'tem-

978 1634 1173 1731 poris
1225 1657 1578 1731 procursu
1634 1633 1827 1703 viam
1877 1631 2015 1705 sibi
2072 1631 2350 1730 aperire
2404 1630 2689 1730 jus‘ti'tiae
2747 1635 3132 1732 impetrare

980 1748 1310 1821 nondum
1343 1749 1737 1846 potuerint,
1776 1745 1941 1820 licet
1975 1773 2108 1850 pro
2142 1747 2315 1846 ipsis
2357 1773 2544 1847 saepe
2576 1746 2670 1820 ad
2705 1773 2888 1820 eum
2923 1749 3130 1821 finem

979 1866 1240 1935 su'mmi
1309 1864 1685 1962 pontifices
1729 1879 1800 1935 et
1857 1860 2240 1961 collegium
2300 1853 2778 1937 cardinalium
2843 1890 3134 1961 magnas

980 1995 1191 2078 atque
1234 1982 1681 2080 importunas
1722 1980 2017 2051 fecerint
2051 1977 2486 2067 instantias¹3
2527 1978 2655 2051 sed
2694 1989 2772 2051 et
2801 1988 2952 2052 nec
2981 1978 3136 2053 hac-

978 2112 1187 2169 tenus
1208 2094 1297 2169 de
1328 2096 1591 2195 quibus
1619 2098 2046 2170 accusentur
2071 2086 2521 2188 criminibuS,
2554 2121 2680 2167 seu
2709 2122 2854 2194 pro
2881 2098 3134 2195 quibus

979 2210 1405 2311 deprehensi
1434 2212 1846 2307 detentique
1887 2212 2180 2301 fuerint,
2223 2212 2561 2309 cuiquam
2593 2212 2765 2284 satis
2801 2196 2907 2285 ad
2939 2216 3133 2312 liqui-

981 2329 1155 2405 dum
1208 2350 1658 2432 compertum
1705 2334 2067 2405 exstiterit.
2127 2336 2306 2404 Cum
2362 2332 2597 2423 enim,
2654 2347 2738 2403 ut
2780 2331 3156 2428 diximus»,

980 2452 1246 2549 praesati
1281 2454 1503 2523 nostri
1539 2452 2091 2523 calumniatores
2123 2452 2382 2522 totiens
2416 2450 2884 2548 impleverint
2923 2455 3134 2550 regias

980 2593 1186 2639 aures
1244 2569 1441 2665 quod
1507 2569 1837 2640 omnium
1885 2593 1927 2639 a
1992 2563 2201 2638 dictis
2260 2567 2564 2665 praelatis
2615 2569 3136 2643 intentatorum

981 2687 1327 2756 scelerum
1368 2687 1577 2783 (quae,
1620 2684 1858 2780 qualia
1894 2685 2059 2775 sint,
2103 2684 2388 2781 penitus
2421 2684 2872 2780 ignoramus)
2905 2703 3138 2759 aucto-

982 2826 1091 2871 res
1123 2803 1673 2897 inventoresque
1715 2826 1864 2872 esse
1903 2796 2405 2891 debueramuS,
2446 2824 2595 2871 non
2625 2800 3137 2874 irrationabili·

983 2931 1112 3005 ter,
1158 2933 1234 2987 ut
1270 2917 1778 3005 existimamus,
1809 2916 2222 2987 horrescere
2260 2928 2330 2985 et
2363 2912 2752 2987 formidare
2788 2916 3138 2990 debemus

984 3022 1058 3101 in
1093 3033 1264 3103 tales
1299 3033 1615 3104 incidere
1647 3058 1929 3122 rnanuS,
1962 3031 2086 3103 ubi
2117 3058 2251 3103 nec
2277 3031 2586 3127 legitime
2619 3038 2972 3129 accusati,
3011 3062 3136 3107 nec

974 3150 1152 3244 juris
1186 3148 1439 3221 ordine
1471 3151 1781 3221 convicti
1811 3151 1923 3219 vel
1953 3148 2282 3239 confessi,
2322 3148 2672 3246 supplicia
2707 3176 3130 3249 poenasque,

983 3267 1441 3361 quantumvis
1498 3267 1815 3337 insontes
1867 3280 2080 3361 atque
2136 3264 2444 3352 innoxii,
2503 3262 3020 3360 penderemus.
3068 3272 3130 3339 Si

983 3383 1141 3478 quis
1192 3384 1385 3453 enim
1436 3397 1667 3452 metus
1722 3407 1870 3452 esse
1922 3395 2189 3478 potest,
2245 3381 2371 3476 qui
2407 3379 2664 3451 cadere
2707 3381 2978 3456 debea‘t
3031 3387 3134 3456 vel

982 3500 1202 3595 possit
1239 3502 1311 3568 in
1350 3500 1581 3568 virum
1632 3514 2115 3591 constantem,
2163 3498 2377 3568 talem
2424 3496 2648 3585 hunc,
2689 3499 2818 3593 qui
2852 3526 2994 3571 nos
3045 3504 3134 3572 te·

985 3617 1137 3683 nuit
1182 3630 1393 3709 atque
1438 3614 1691 3700 habet,
1729 3616 2051 3711 profecto
2088 3613 2248 3710 jure
2295 3614 2572 3711 optimo
2611 3615 2890 3684 censeri
2925 3616 3124 3703 licet;

983 3731 1346 3825 potissime
1390 3757 1557 3801 curn
1593 3731 1685 3801 ad
1731 3757 1898 3800 eum
1937 3727 2444 3828 depellendum
2495 3753 2980 3828 securumque
3019 3734 3132 3804 ali·

982 3871 1196 3941 quem
1231 3846 1570 3919 adversus
1608 3873 1775 3917 eum
1810 3846 2256 3919 reddendum
2285 3844 2550 3918 nullius
2585 3847 3128 3947 qualiscumque

984 3964 1333 4033 cautionis
1364 3962 1759 4034 remedium
1796 3964 2045 4036 efficax
2074 3967 2238 4035 satis
2271 3980 2390 4036 aut
2426 3964 2744 4036 validum
2775 3991 2932 4036 esse
2967 3993 3127 4063 pos-

982 4080 1093 4149 sit.
1140 4078 1276 4149 Ubi
1332 4082 1524 4150 enim
1564 4106 1698 4176 pro
1739 4081 2008 4176 justitia
2059 4082 2211 4153 sola
2253 4084 2557 4178 imperat
2587 4082 2954 4171 voluntaS,
3005 4082 3124 4153 ubi

1064 4315 1121 4369 1.
1172 4316 1315 4387 Voy.
1349 4311 1658 4381 ci-dessus,
1695 4334 1754 4389 p.
1793 4317 1927 4370 174.
