3400 5417
999 522 1223 583 unm
1264 521 1650 582 SEPTIMUS.
2267 527 2379 584 147

355 651 664 730 Consilio
693 665 936 728 autem
968 652 1204 725 statim
1234 677 1320 724 ex
1351 668 1679 751 ternpore
1712 667 2006 752 accepto
2022 710 2041 747 ,
2076 680 2224 730 non
2246 711 2265 748 ,
2306 671 2387 730 ut

267 767 488 864 priore
521 768 715 858 vice,
750 766 845 842 ad
877 793 1090 842 suum
1127 768 1590 842 domicellum
1631 769 2031 842 Clivensem
2052 825 2071 862 ,
2114 770 2240 844 sed
2290 769 2383 845 ad

265 907 461 958 suum
495 883 914 983 pontificem
949 885 1304 983 optimum
1341 899 1554 983 atque
1587 887 1985 984 piissimum
2029 911 2389 966 accersen-

267 996 427 1074 dum
459 999 842 1095 miserunt,
874 1001 1000 1096 qui
1031 1001 1106 1072 in
1139 1025 1273 1072 suo
1296 999 1570 1098 oppido
1599 1000 1690 1074 de
1722 1008 1829 1074 W
1806 1001 1987 1098 χρὴ,
2027 1027 2073 1075 a
2104 1004 2385 1078 civitate

269 1138 402 1188 non
441 1115 752 1213 amplius
787 1115 1074 1188 duobus
1105 1116 1530 1190 milliaribus
1572 1119 1815 1215 patriae
1853 1133 2133 1191 remoto
2157 1175 2179 1213 ,
2213 1134 2387 1195 tunc

266 1231 704 1308 consistebat.
757 1237 983 1306 Iaetus
1031 1235 1247 1328 igitur
1308 1234 1504 1306 idem
1554 1233 2107 1332 benignissimus
2155 1253 2382 1336 pater,

267 1347 649 1446 gratiasque
700 1373 918 1445 agens
949 1354 1106 1422 Deo
1156 1350 1354 1448 quod
1395 1351 1494 1424 ita
1532 1349 1861 1444 dulciter,
1901 1352 2172 1451 absque
2212 1380 2388 1427 san-

268 1463 482 1556 guinis
521 1462 911 1558 effusione,
945 1465 1154 1538 -cives
1196 1489 1241 1537 a
1289 1489 1364 1538 se
1400 1466 1653 1562 jugum
1710 1470 2095 1564 tyrannicae:
2152 1468 2390 1541 domi-

271 1581 559 1655 nationis
604 1597 1058 1654 excusserant
1087 1638 1106 1674 ,
1166 1606 1416 1652 omnes
1463 1597 1735 1654 erratus
1792 1609 1960 1656 suos
2004 1586 2391 1683 culpasque

267 1696 636 1776 clementer
665 1698 768 1774 eis
794 1697 1249 1791 condonanS,
1283 1699 1832 1795 immemorque,
1854 1701 2056 1796 juxta
2080 1726 2393 1799 praecep-

269 1827 406 1884 tum
437 1814 790 1908 divinum,
825 1816 1064 1894 omnis
1092 1815 1366 1911 injuriae
1399 1816 1661 1888 civium
1692 1841 1990 1890 suorum
2021 1874 2040 1911 ,
2083 1820 2240 1916 ipso
2275 1819 2391 1892 die

267 1953 418 2004 cum
433 1932 782 2003 comitatu
806 1931 1284 2004 ducentorum
1305 1931 1582 2002 circiter
1604 1949 2048 2006 armatorum
2069 1937 2392 2032 equitum

269 2067 342 2116 ac
399 2045 721 2144 peditum
785 2047 1141 2120 civitatem
1193 2047 1519 2138 intravit,
1562 2046 1714 2142 jam
1765 2049 2394 2150 advesperascente

269 2159 406 2250 die,
437 2162 583 2236 imo
615 2163 770 2258 jam
799 2177 1010 2235 nocte
1050 2162 1330 2233 circiter
1366 2187 1496 2259 per
1523 2161 1702 2235 duas
1735 2163 1952 2236 horas
1979 2167 2287 2264 incepta.

353 2281 728 2377 Susceptus
753 2293 859 2350 est
891 2293 1131 2350 autem
1156 2303 1199 2350 a
1234 2277 1508 2350 civibus
1531 2304 1699 2352 cum
1725 2282 2039 2354 maximo
2065 2286 2393 2364 omniurn

269 2392 616 2468 bonorum
648 2396 1031 2495 applausu,
1061 2393 1535 2468 luminaribus
1565 2421 1693 2493 per
1729 2396 1988 2470 domos
2024 2414 2093 2470 et
2126 2401 2394 2499 plateas

270 2510 366 2580 in¹
417 2511 686 2585 facibus
745 2511 1014 2608 ubique
1082 2511 1422 2582 accensis.
1479 2515 1846 2583 Bonorum
1912 2530 2153 2586 autem
2216 2516 2394 2590 dixi-

272 2652 449 2721 muS,
504 2627 804 2726 quando
865 2627 1070 2700 multi
1135 2626 1372 2698 adhuc
1425 2627 1500 2697 in
1546 2629 1828 2700 civitate
1878 2646 2116 2724 erant,
2170 2648 2239 2703 et
2301 2633 2391 2704 de

269 2744 441 2815 clero
479 2762 550 2816 et
586 2744 680 2816 de
710 2744 908 2817 laicis
931 2799 950 2836 ,
998 2740 1262 2838 quibus
1294 2767 1380 2815 ea
1415 2767 1524 2815 res
1564 2743 2025 2816 vehementer
2070 2747 2391 2845 displice-

269 2856 414 2946 bat,
471 2886 606 2932 nec
662 2875 942 2958 poterat
996 2859 1141 2930 ulla
1189 2859 1466 2930 ratione
1517 2885 1773 2931 eorum
1819 2887 2192 2960 perversus
2243 2867 2393 2938 ani-

269 2999 447 3071 mus,
488 2978 678 3050 serus
715 3003 798 3052 ac
830 2978 1267 3070 indomituS,
1310 2977 1403 3049 ad
1442 2975 1935 3052 obediendum
1977 2982 2212 3054 eidem
2257 3011 2388 3057 suo

270 3094 598 3189 pontifici,
636 3097 748 3168 vel
782 3120 950 3168 eum
977 3095 1368 3167 colendum
1404 3095 1668 3166 inflecti
1693 3124 1711 3186 ;
1739 3097 1864 3167 sed
1897 3113 2069 3169 tunc
2105 3126 2386 3176 necesse

269 3210 356 3281 eis
378 3212 500 3284 suit
531 3227 612 3285 ut
655 3243 688 3277 α
711 3214 936 3286 altum
969 3224 1372 3308 premerent
1402 3209 1590 3307 [sub]
1612 3212 1830 3283 corde
1868 3213 2194 3287 dolorem
2220 3249 2254 3283 >³
2285 3233 2379 3313 et,

271 3329 367 3398 vel
396 3331 716 3404 simulate
742 3387 760 3422 ,
800 3331 1083 3425 signum
1121 3327 1428 3425 quodvis
1455 3328 1703 3398 laetitiae
1742 3331 2046 3401 exterriti
2090 3349 2381 3430 porten-

271 3443 520 3519 derent.
591 3451 773 3518 Nam
824 3446 957 3544 ipsi
1002 3445 1308 3516 nimium
1354 3459 1558 3515 erant
1608 3461 1677 3516 et
1739 3472 2040 3519 numero
2096 3464 2165 3520 et
2216 3453 2381 3524 viri-

270 3557 388 3631 bus
445 3563 750 3660 impares
787 3563 898 3633 his
939 3563 1061 3658 qui
1106 3561 1196 3632 de
1253 3561 1793 3658 recuperatione
1840 3590 1981 3636 suae
2040 3565 2380 3641 libertatis

268 3688 329 3743 et
357 3691 817 3772 tyrannorum
843 3678 1265 3777 depulsione
1298 3692 1452 3748 toto
1492 3678 1711 3749 corde
1745 3680 2176 3774 gaudebant.

357 3793 639 3867 Rutheri
672 3811 908 3868 autem
933 3853 950 3888 ,
990 3795 1112 3891 qui
1147 3793 1240 3866 ad
1283 3794 1664 3866 commissa
1709 3796 1842 3867 sibi
1891 3823 2109 3896 opera
2146 3802 2377 3877 emissi

269 3911 697 4004 exstiterant,
755 3912 847 3984 ad
901 3935 1271 4008 vesperam
1320 3910 1741 4001 redeunteS,
1801 3912 2089 4008 objectu
2143 3934 2381 4013 porta-

273 4047 414 4096 rum
447 4028 708 4101 intrare
745 4027 1126 4126 prohibiti,
1173 4051 1324 4100 sese
1358 4027 1429 4096 in
1462 4025 1883 4101 suburbano
1922 4030 2371 4123 locaverunt,

339 4260 394 4316 1.
435 4263 695 4340 Corrigez
737 4284 825 4318 ae.
