3400 5417
1248 543 1469 600 LIBER
1529 543 1832 601 SEXTUS.
2534 544 2599 601 Μ

477 674 827 773 quodque
872 676 1037 746 totis
1081 673 1351 746 viribus
1383 673 1617 747 aditus
1651 699 1905 747 omnes
1925 730 1945 769 ,
1978 699 2108 774 per
2139 700 2324 772 quos
2364 675 2614 772 hujus-

478 791 765 864 cemodi
804 792 1039 863 vectio
1078 805 1151 862 et
1180 793 1513 863 transitus
1558 790 1712 863 fieri
1754 805 2044 890 possent
2064 848 2082 884 ,
2135 808 2609 886 servarentur,

478 909 582 980 sic
633 906 832 1003 quod
882 907 1091 1002 regiis
1130 908 1364 979 omnis
1407 906 1850 979 inhiberetur
1895 931 2217 980 accessus
2249 966 2267 1002 ,
2317 926 2618 982 conatus

478 1038 723 1096 tamen
760 1028 777 1063 ¹
816 1022 1027 1120 hujus
1059 1021 1313 1122 [modi]
1365 1023 1694 1097 effectum
1760 1048 1910 1095 non
1965 1023 2244 1097 habuit.
2291 1026 2620 1099 Collectis

480 1142 680 1211 enim
736 1165 820 1211 ex
880 1140 1258 1236 praesidiis,
1318 1164 1477 1236 quae
1536 1140 1609 1210 in
1645 1140 2025 1211 limitaneis
2080 1141 2314 1215 locata
2368 1157 2572 1215 erant
2594 1200 2614 1235 ,

482 1258 893 1354 quingentis
936 1257 1049 1327 vel
1092 1259 1436 1328 sexcentis
1479 1258 1741 1328 lanceis
1776 1282 1940 1328 cum
1985 1260 2259 1356 magnis
2298 1258 2621 1357 peditum

483 1375 753 1470 copiiS,
803 1372 1025 1443 duces
1055 1398 1181 1444 seu
1212 1374 1561 1471 capitanei
1605 1373 1776 1469 regii
1805 1374 2099 1443 minime
2148 1374 2454 1447 inhiberi
2493 1402 2624 1475 po-
2676 1374 2679 1377 ’

482 1503 777 1560 tuerunt
811 1488 904 1561 ab
933 1489 1046 1559 his
1079 1490 1203 1586 qui
1233 1490 1378 1561 hoc
1410 1514 1559 1560 esse
1595 1490 1848 1561 facturi
1880 1489 2378 1589 sperabantur,
2412 1494 2616 1589 quin,

483 1628 655 1677 cum
702 1630 966 1701 magno
1015 1630 1320 1676 numero
1372 1630 1714 1677 curruum
1751 1622 1822 1677 et
1869 1608 2286 1678 vectionum
2317 1664 2334 1695 ‚
2395 1633 2624 1680 anno-

484 1747 658 1793 nam
712 1722 896 1815 vini,
950 1722 1283 1793 frumenti
1311 1780 1330 1816 ,
1388 1739 1943 1819 caeterarumque
2001 1749 2242 1795 rerum
2302 1750 2625 1797 necessa-

484 1840 754 1911 riarum
817 1844 1221 1911 Tornacum
1305 1840 1761 1933 inveherent,
1829 1854 1898 1911 et
1967 1841 2066 1912 eis
2135 1841 2627 1913 subventionis

486 1969 902 2055 praestarent
950 1956 1223 2027 solatia.
1305 1956 1522 2043 Quod
1578 1981 1745 2027 cum
1803 1956 2128 2027 fecissent
2182 1958 2621 2052 incolumeS,

484 2071 991 2171 postmodum,
1034 2071 1321 2143 nemine
1356 2070 1779 2162 obsistente,
1822 2070 1914 2143 ad
1957 2097 2085 2144 sua
2132 2074 2522 2145 redierunt.

590 2192 675 2258 Et
708 2189 1055 2285 quoniam
1082 2212 1167 2258 ex
1193 2189 1587 2259 vastatione
1614 2204 1685 2259 et
1713 2188 2049 2258 incendio
2083 2190 2412 2261 villarum
2441 2194 2630 2264 circa

487 2309 931 2397 Tornacum,
998 2309 1434 2375 Francorum
1481 2319 1550 2376 et
1596 2307 2156 2376 Tornacensium
2211 2309 2430 2378 animi
2480 2335 2628 2379 non

491 2446 748 2519 parum
782 2419 874 2491 ad
916 2420 1259 2490 ultionem
1300 2421 1722 2517 capiendam
1760 2421 2044 2492 fuerunt
2087 2424 2464 2514 concitati,
2499 2426 2632 2523 ipsi

490 2539 723 2607 vicem
782 2537 1027 2631 utique
1083 2536 1311 2606 multo
1353 2536 2067 2633 superexcedentem,
2121 2539 2513 2611 cremando
2564 2556 2634 2611 et

494 2650 902 2747 diripiendo
962 2650 1164 2720 villas
1218 2651 1777 2746 circumquaque
1838 2652 2190 2749 oppidum
2240 2654 2627 2736 insulense,

498 2769 919 2837 Cortracum
960 2781 1029 2837 et
1067 2766 1597 2853 Audenardam,
1637 2768 2146 2865 rependerunt.
2186 2770 2401 2857 Quod
2443 2774 2635 2843 enim

499 2881 848 2953 damnum
882 2882 952 2951 in
991 2907 1287 2952 suorum
1327 2884 1793 2980 populatione
1837 2907 2173 2980 agrorum
2225 2888 2462 2958 inferri
2512 2914 2636 2986 po-

498 3012 767 3085 tuerat,
839 3022 1141 3095 parvum
1210 3014 1423 3093 atque
1480 3000 1814 3094 exiguum
1884 3018 2034 3073 erat
2096 3004 2635 3100 comparatione

499 3114 869 3187 hostilium
904 3116 1459 3212 circumquaque
1494 3130 1878 3203 terrarum,
1925 3120 1996 3187 in
2029 3143 2204 3213 quas
2233 3144 2356 3189 eos
2388 3146 2636 3217 perva-

505 3232 650 3325 gari
700 3245 771 3301 et
824 3229 1098 3327 praedas
1147 3246 1359 3325 atque
1412 3232 1744 3303 incendia
1791 3256 1998 3327 agere
2048 3235 2121 3303 in
2177 3251 2518 3332 promptu
2554 3261 2637 3307 ac

501 3346 835 3445 perfacile
904 3361 1077 3416 erat.
1151 3351 1285 3417 Pro
1353 3349 1588 3445 parvis
1649 3349 1931 3443 itaque,
2010 3376 2166 3445 qua»
2230 3351 2630 3442 subierant,

504 3461 821 3550 damnis,
873 3462 1024 3530 sine
1062 3464 1600 3558 comparatione
1637 3464 1908 3558 majora
1943 3490 2026 3535 ac
2077 3464 2328 3535 latiora
2383 3466 2636 3538 resere-

506 3578 708 3650 bant.

607 3700 765 3765 Non
826 3710 1063 3765 tamen
1121 3720 1402 3793 semper
1457 3697 1754 3793 impune
1802 3711 1873 3767 et
1926 3697 2194 3794 absque
2254 3702 2360 3771 sui
2420 3701 2640 3772 detri-

510 3830 758 3887 mento
805 3814 877 3885 id
913 3814 1137 3885 facere
1186 3830 1352 3886 sunt
1393 3816 1738 3912 permissi.
1796 3820 1974 3887 Nam
2011 3842 2176 3887 cum
2206 3819 2629 3915 aliquandO,

512 3932 613 4002 uti
678 3947 1081 4018 assuerant,
1136 3932 1321 4003 circa
1374 3932 1868 4003 Audenardam
1924 3934 2360 4005 incursatum
2414 3936 2638 4005 venis-

510 4063 714 4135 sent,
756 4048 844 4117 de
881 4048 1048 4144 ipsis
1090 4050 1374 4120 Francis
1407 4048 1645 4144 plures
1676 4050 1782 4120 vel
1823 4052 2010 4137 caesi,
2053 4051 2160 4120 vel
2197 4052 2380 4147 capti
2437 4076 2637 4121 man-

596 4307 651 4359 ¹.
706 4306 841 4359 Tum
873 4302 1013 4359 dans
1042 4304 1093 4358 le
1120 4323 1259 4360 mse.
