3400 5417
1146 562 1363 616 LIBER
1401 559 1699 618 SEXTUS.
2388 558 2460 613 73

1042 826 1548 897 CAPITULUM
1600 830 1749 896 XX.

349 1028 417 1078 De
452 1024 669 1079 exordio
706 1024 1021 1096 gravissima
1059 1021 1331 1075 seditionis
1364 1035 1521 1092 atque
1560 1022 1900 1090 calamitatis,
1939 1040 2056 1091 quoe
2095 1019 2220 1072 inde
2267 1020 2464 1073 civitati

410 1108 722 1179 Trajectensi
750 1108 1030 1179 provenit3
1058 1120 1107 1159 et
1134 1105 1200 1158 de
1224 1105 1470 1177 captione
1494 1105 1680 1177 oppidi
1709 1105 1912 1175 Leidis,
1943 1106 1998 1157 in
2027 1104 2342 1171 Hollandia,
2370 1123 2464 1174 per

412 1195 603 1246 exsules
626 1192 980 1257 Hoeckenses,
1007 1204 1059 1244 et
1081 1190 1315 1263 ejusdem
1341 1191 1742 1261 recuperatione
1759 1192 1800 1245 ¹.

442 1354 589 1419 Non
623 1349 839 1419 etiam
870 1348 1299 1418 arbitramur
1336 1347 1614 1417 silentio
1654 1345 2226 1443 praetereundum
2248 1350 2269 1382 ²
2302 1347 2459 1415 tris-

354 1480 483 1535 tem
557 1480 628 1535 et
678 1463 1064 1534 infaustum
1139 1478 1471 1533 eventum
1533 1464 1984 1534 tumuituosae
2054 1462 2456 1552 seditioniS,

347 1605 489 1675 quae
531 1604 612 1650 ea
672 1592 1082 1675 tempestate
1133 1578 1462 1671 contigit³
1505 1579 1578 1648 in
1616 1579 1896 1649 civitate
1945 1578 2456 1672 Trajectense³‚

349 1719 549 1791 quam
586 1708 759 1764 tunc
794 1694 925 1792 ipsi
959 1693 1472 1764 incolebamuS.

433 1814 530 1880 Ea
561 1809 809 1880 civitas
852 1823 1067 1904 caput
1103 1809 1274 1878 olim
1317 1824 1388 1877 et
1436 1809 1628 1879 velut
1673 1826 1896 1881 mater
1933 1809 2190 1879 exstitit
2249 1809 2462 1878 totius

346 1927 392 1991 F
395 1925 593 2015 risiae,
634 1940 707 1995 et
744 1924 856 1995 his
892 1922 1127 1994 adhuc
1156 1924 1624 2019 temporibus,
1658 1927 1729 1995 in
1767 1922 2244 2022 spiritualibus
2277 1949 2462 2021 pon-

348 2040 495 2111 tifex
528 2056 594 2111 et
629 2042 964 2138 princeps
1002 2068 1036 2105 ι(
1078 2063 1197 2109 rex
1232 2039 1425 2110 idem
1469 2041 1854 2110 hominum
1897 2040 2294 2133 Christique
2348 2065 2459 2111 sa-

345 2157 578 2228 cerdos
619 2187 655 2222 »
696 2156 1016 2250 ejusdem
1061 2160 1113 2223 F
1116 2156 1294 2226 risiae
1327 2170 1537 2250 atque
1586 2156 1979 2226 Hollandia:
2013 2158 2460 2253 praesulatum

345 2284 558 2363 tenet,
614 2272 844 2343 latum
893 2273 1107 2341 etiam
1162 2270 1437 2341 habens
1488 2273 1860 2368 proprium
1916 2285 1987 2341 et
2030 2273 2460 2367 peculiarem

348 2389 810 2485 principatum
860 2388 1245 2485 episcopali
1300 2387 1769 2481 conjunctum
1821 2387 2171 2482 dignitati.
2237 2390 2460 2486 Ipsius

344 2502 624 2573 civitatis
659 2502 922 2572 accolae
958 2500 1051 2572 ab
1082 2502 1378 2596 antiquo
1414 2517 1944 2572 consueverunt
1976 2504 2154 2572 inter
2187 2527 2259 2572 se
2291 2503 2460 2571 eivi-

344 2617 435 2687 les
473 2619 968 2689 contentiones
1013 2643 1337 2689 exercere
1383 2633 1455 2687 et
1500 2618 1804 2709 habere,
1844 2618 2458 2713 quemadmodum

342 2734 530 2830 plura
562 2736 751 2806 inter
777 2759 927 2805 sese
962 2736 1176 2805 etiam
1210 2733 1479 2804 habent
1511 2735 1778 2830 oppida
1815 2750 1886 2805 et
1917 2733 2260 2832 oppidani
2295 2736 2460 2805 Hol-

344 2849 575 2920 landiae
632 2865 847 2944 atque
908 2850 1301 2920 vicinarum
1364 2864 1752 2935 terrarum3
1809 2874 1966 2943 quae
2017 2851 2092 2919 iu
2140 2863 2448 2936 lantum,

342 2981 754 3060 procurante
802 2966 1091 3035 inimico
1148 2964 1564 3055 hominum,
1617 2980 1851 3035 satore
1907 2967 2343 3037 zizaniorum
2388 2982 2456 3036 et

341 3080 883 3169 discordiarum,
923 3082 994 3150 in
1034 3082 1235 3151 terris
1274 3081 1407 3151 illis
1451 3081 1850 3171 invaluere,
1898 3094 1971 3149 ut
2005 3080 2456 3152 acerbissima

343 3222 549 3293 usque
584 3213 656 3269 et
684 3223 883 3295 paene
921 3195 1402 3295 implacabilia
1435 3196 1602 3267 odia
1634 3197 2144 3292 processerint,
2188 3196 2451 3269 nedum

340 3313 505 3383 inter
548 3340 621 3385 se
667 3315 1099 3411 oppidorum
1140 3329 1259 3383 aut
1299 3314 1509 3381 unius
1543 3312 1792 3408 oppidi
1827 3312 2093 3381 civium
2120 3317 2165 3402 ⁵,
2205 3338 2454 3383 verum

338 3428 534 3499 etiam
592 3431 776 3500 inter
829 3430 1036 3499 unius
1088 3428 1347 3497 domus
1401 3443 1470 3496 et
1518 3427 1795 3497 familiae
1841 3428 2454 3523 conjunctissimas

338 3570 689 3639 personas.
728 3552 844 3618 Est
862 3549 1053 3618 enim
1091 3547 1229 3616 illic
1252 3546 1491 3616 videre
1524 3560 1796 3641 patrem
1823 3544 2159 3615 adversus
2187 3544 2409 3615 filium
2430 3602 2448 3635 ,

413 3741 463 3795 1.
508 3739 774 3818 Chapitre
797 3740 1060 3817 imprime
1091 3741 1233 3796 dans
1260 3740 1665 3811 l'Ample'ssima
1684 3742 1952 3809 collectim,
1985 3750 2025 3791 t.
2047 3740 2146 3805 1v,
2173 3735 2285 3793 col.
2313 3738 2449 3803 793,

339 3842 387 3884 ot
412 3831 547 3888 dans
574 3834 656 3889 les
690 3838 963 3889 Analecta
990 3833 1061 3890 de
1092 3832 1412 3901 Matthaeus,
1448 3844 1487 3889 t.
1520 3834 1605 3900 11,
1638 3851 1697 3907 p.
1736 3834 1871 3888 1115.

411 3928 463 3979 ⁶2.
511 3926 833 3994 Matthaeus,
861 3929 1421 4001 praetermitcendmn,
1455 3945 1583 3981 sans
1614 3926 1694 3981 los
1725 3924 2002 4001 epithetes
2032 3931 2242 3980 tristem
2269 3938 2320 3979 et
2360 3932 2454 3978 in-

336 4018 594 4085 sczustum.

412 4117 463 4169 3.
509 4116 835 4185 Matthaeus‚
874 4114 1260 4193 grassabatur.

409 4207 464 4265 4.
510 4210 773 4266 Utreclit.

415 4302 466 4357 5.
512 4302 835 4371 Μειῑῑῇεειιε,
867 4306 1024 4360 rives.
