3400 5417
887 500 1005 556 286
1746 499 2129 558 Ammon
2146 539 2165 568 ,

891 631 1391 728 responsione,
1456 657 1606 702 non
1659 630 1860 704 aliud
1909 629 2125 706 nohis
2154 628 2587 710 afferebam
2618 653 2839 727 quam
2892 655 3039 706 nos

891 748 1098 842 regiae
1147 748 1584 821 ordinationi
1630 747 1899 821 habere
1944 772 2231 822 necesse
2280 771 2531 846 parere
2555 802 2575 839 ,
2630 747 2833 843 cujus
2869 748 3039 846 pla-

895 864 1120 936 citum
1159 879 1309 937 erat
1355 880 1436 936 ut
1477 863 1616 936 sibi
1656 865 1735 936 in
1769 865 2201 963 perpiniano
2242 865 2693 938 serviremus.
2750 865 2925 951 Quo
2958 863 3038 935 in

892 979 1056 1050 loco
1089 1005 1258 1051 cum
1299 981 1450 1078 ipse
1490 981 1920 1052 Parlamenti
1955 981 2231 1052 curiam
2260 981 2544 1054 noviter
2574 979 2995 1052 instituisset
3012 1032 3033 1068 ‚

890 1120 1025 1192 pro
1073 1097 1304 1168 causis
1351 1098 1826 1169 comitatuum
1876 1097 2287 1170 Rossilionis
2328 1113 2402 1170 et
2448 1097 2825 1170 Ceritaniae
2874 1107 3040 1168 tan-

891 1237 1110 1308 quam
1168 1216 1245 1286 in
1305 1240 1641 1314 supremo
1686 1213 2027 1287 tribunali
2068 1213 2171 1286 ibi
2229 1213 2703 1306 diffiniendis,
2756 1229 2833 1286 et
2893 1213 3042 1286 illic

891 1353 1076 1429 opus
1137 1332 1276 1405 sibi
1326 1347 1510 1404 esset
1566 1330 2073 1404 cancellarium
2125 1329 2393 1403 habere
2441 1355 2575 1428 pro
2635 1330 3041 1404 directione

892 1446 1096 1519 dictae
1145 1449 1358 1520 curiae
1392 1463 1465 1520 et
1502 1448 1909 1520 communis
1946 1447 2235 1544 justitiae
2285 1448 2502 1521 totius
2546 1448 2793 1546 patriae
2818 1504 2841 1542 ,
2904 1473 3043 1521 nos

891 1561 1014 1633 illo
1042 1617 1059 1653 ,
1098 1562 1394 1658 hujusce
1427 1562 1648 1634 officii
1683 1561 1981 1659 gerendi
2014 1563 2239 1658 gratia
2262 1617 2283 1655 ,
2317 1561 2749 1637 destinabat.

992 1685 1214 1750 Porro
1256 1681 1420 1750 licet
1456 1681 1661 1750 color
1696 1681 1818 1752 ille
1863 1679 1999 1751 sub
2040 1679 2339 1750 honoris
2368 1678 2779 1752 velamento
2824 1679 3043 1751 nobis

892 1796 1190 1868 obtendi
1227 1796 1611 1889 videretur,
1647 1821 1800 1868 non
1830 1811 2072 1867 tamen
2105 1793 2615 1892 ignorabamus
2649 1794 2835 1867 fines
2856 1821 3044 1892 quos

891 1928 963 1984 et
994 1939 1118 1984 rex
1161 1912 1605 2006 intendebat,
1652 1929 1726 1984 et
1770 1905 2104 1983 nonnulli
2135 1911 2259 2008 qui
2294 1912 2384 2003 ei,
2432 1926 2512 1981 ut
2561 1913 2659 1984 ita
2698 1912 2796 1984 de
2827 1913 3043 1984 nobis

893 2029 1305 2101 decerneret
1365 2029 1630 2124 talique
1679 2028 2223 2126 proscriptionis
2272 2051 2406 2097 nos
2441 2028 2920 2101 incommodo
2976 2044 3045 2100 et

893 2144 1244 2242 supplicio
1302 2142 1639 2237 afficeret,
1690 2141 2187 2238 suggerebant.
2234 2143 2393 2213 Jam
2444 2141 2639 2213 enim
2688 2157 2861 2214 ante
2910 2168 3043 2214 nos

894 2262 1149 2332 missos
1189 2261 1311 2332 illo
1368 2261 1576 2331 fuisse
1634 2275 1702 2330 et
1766 2260 1944 2331 alios
2005 2280 2465 2348 noveramus,
2504 2257 2772 2355 quibus
2824 2284 3042 2356 quam

895 2393 1132 2475 gratus
1192 2379 1382 2450 illius
1444 2393 1646 2448 terrae
1705 2377 2059 2449 incolatus
2129 2374 2504 2448 exstitisset
2523 2429 2543 2467 ,
2596 2377 2767 2448 satis
2833 2376 3043 2450 nohis

895 2493 1292 2565 constabat.

995 2613 1232 2707 Atqui,
1257 2635 1421 2680 cum
1443 2623 1695 2681 contra
1722 2609 2020 2681 nitendo
2049 2609 2227 2681 nihil
2262 2635 2397 2682 nos
2424 2607 2779 2707 proficere
2804 2635 3035 2708 posse,

895 2727 1019 2798 sed
1055 2729 1294 2824 potius
1329 2727 1709 2799 adversum
1748 2751 1881 2797 nos
1914 2729 2099 2824 regis
2138 2729 2466 2800 animum
2521 2727 2839 2825 amplius
2894 2753 3041 2801 exa-

893 2842 1186 2913 cerbare
1223 2845 1751 2940 perciperemus
1775 2894 1793 2928 ‚
1837 2843 1929 2914 ad
1967 2843 2372 2940 parendum
2408 2844 2617 2940 regiae
2646 2844 3034 2933 voluntati,

892 2958 1056 3029 licet
1096 2960 1392 3029 minime
1424 2958 1754 3050 libente-S,
1788 2959 2473 3053 condescendimus,
2514 2960 3041 3056 acquiescentes

896 3101 1029 3146 nos
1063 3076 1187 3146 illo
1221 3078 1322 3146 ire
1357 3092 1427 3147 et
1460 3075 1594 3148 sibi
1635 3075 1937 3148 fideliter
1964 3101 2101 3173 pro
2127 3077 2483 3148 concessis
2517 3101 2561 3148 a
2591 3077 2925 3147 Domino
2954 3076 3041 3146 vi-

897 3189 1094 3261 ribus
1127 3191 1384 3262 servire
1411 3249 1427 3279 ,
1489 3190 1711 3261 modo
1761 3191 1851 3260 de
1886 3190 2173 3262 duobus
2224 3191 2437 3263 nobis
2484 3215 2617 3262 sua
2664 3192 3041 3263 clementia

898 3308 1192 3400 gratiam
1228 3307 1572 3405 impertiri
1608 3306 2049 3401 dignaretur.
2094 3308 2417 3378 Primum
2441 3360 2460 3397 ,
2505 3321 2589 3378 ut
2624 3308 3041 3404 priusquam

899 3422 1064 3492 illuc
1097 3422 1738 3519 proficisceremur,
1774 3421 1867 3493 ad
1905 3423 2361 3494 revisendam
2396 3422 2777 3495 ecclesiam
2808 3438 2887 3495 et
2926 3423 3045 3496 do·

899 3571 1098 3616 mum
1169 3561 1488 3618 nostram
1561 3547 1871 3643 spatium
1937 3546 2049 3617 vel
2105 3545 2386 3616 dierum
2439 3561 2606 3617 octo
2666 3545 2889 3616 nobis
2946 3548 3042 3618 in-

899 3663 1329 3759 dulgeretur,
1384 3679 1501 3755 ut,
1554 3665 1903 3758 quoniam
1939 3663 2031 3734 ab
2079 3688 2273 3735 anno
2318 3665 2497 3736 citra
2528 3689 2677 3760 quo
2712 3664 3043 3736 absentes

899 3803 940 3849 a
977 3780 1200 3874 patria
1241 3779 1621 3871 fueramus,
1661 3796 1731 3851 et
1762 3779 1959 3851 hona
2007 3795 2248 3852 nostra
2290 3781 2566 3878 direpta
2598 3795 2671 3852 et
2702 3781 3045 3853 officiales

900 3896 1118 3965 nostri
1145 3897 1455 3966 destituti
1495 3899 1797 3987 fuerant,
1838 3921 1949 3967 res
1978 3911 2257 3968 nostras
2287 3897 2556 3968 laceras
2578 3911 2650 3968 et.
2672 3896 3045 3969 distractas

901 4027 1286 4109 utcumque
1319 4014 1653 4083 resarcire
1688 4013 1955 4104 liceret,
1997 4030 2067 4083 et
2086 4028 2369 4084 amotos
2401 4013 2784 4085 officiarios
2799 4015 3041 4085 denuo

899 4129 1289 4221 instituere,
1351 4130 1763 4226 priusquam
1811 4144 1958 4201 tam
2017 4129 2488 4226 longinquam
2531 4132 3044 4227 peregrinatio-

903 4273 1066 4318 nem
1113 4248 1609 4343 arriperemus.
1654 4247 1796 4316 Sed
1840 4245 1991 4316 haec
2042 4245 2451 4318 humanitas
2497 4269 2789 4343 prorsus
2828 4245 3041 4319 nobis
