3400 5417
931 416 1049 473 ¹30
1475 413 1989 471 nls‘romffltm
2031 413 2389 470 Ltmovlcl
2429 414 2517 468 11

1560 791 1861 870 LIBER
1928 787 2449 867 SEPTIMUS.

1451 1272 2040 1342 CAPITULUM
2109 1269 2539 1340 PRIMUM.

925 1464 1003 1514 De
1024 1461 1200 1514 letitia
1225 1479 1416 1531 magna
1441 1460 1496 1511 in
1529 1460 1800 1529 utriusque
1825 1456 2139 1511 obedientiae
2152 1457 2386 1530 populis,
2414 1474 2544 1530 pace
2568 1458 2709 1511 facta
2730 1457 2867 1510 inter
2888 1475 3059 1527 regem

997 1561 1047 1598 et
1069 1544 1258 1598 ducem
1284 1544 1711 1597 maximilianum
1736 1567 1748 1608 3
1776 1557 1826 1596 et
1849 1542 2125 1613 quomodo
2151 1543 2259 1596 filia
2283 1541 2521 1614 ejusdem
2543 1541 2697 1596 ducis
2718 1541 2791 1595 ad
2811 1561 3062 1614 sponsum

1002 1650 1157 1682 suum
1183 1630 1239 1682 in
1257 1629 1535 1682 Franciam
1560 1627 1789 1681 deducta
1815 1628 1933 1680 fuit.

1025 1805 1206 1872 Pace
1249 1801 1488 1894 itaque
1530 1801 1718 1870 inter
1767 1799 2212 1870 Ludovicum
2252 1823 2489 1894 regem
2531 1814 2604 1870 et
2649 1799 3064 1870 Maximilia-

927 1943 1102 1988 num
1139 1917 1432 2012 ejusque
1466 1915 1729 1986 liberos
1751 1969 1770 2004 ‚
1818 1931 2066 2008 terraS,
2110 1916 2434 1987 dominia
2470 1930 2541 1985 et
2576 1914 2904 1988 subditos
2948 1914 3064 1986 fir-

932 2050 1155 2123 mata,
1213 2059 1382 2104 cum
1435 2032 1606 2102 hinc
1650 2031 1819 2102 inde
1870 2031 1962 2102 ab
2007 2033 2223 2104 armis
2273 2033 2779 2128 quiesceretur‚
2821 2033 3065 2127 ingens

927 2151 1164 2222 laetitia
1197 2149 1636 2248 populorum
1676 2149 2043 2244 utriusque
2091 2147 2515 2219 obedientiae
2550 2147 3066 2242 ambarumque

930 2293 968 2335 e
1029 2267 1323 2360 vestigio
1379 2267 1689 2363 partium
1741 2279 1983 2336 secuta
2034 2279 2160 2335 est.
2224 2269 2403 2334 Nam
2456 2256 3069 2359 quemadmodum

930 2383 1178 2480 populi
1216 2383 1524 2480 partium
1575 2380 1778 2450 ducis
1810 2380 2270 2450 Maximiliani
2301 2379 2427 2450 diu
2460 2379 2594 2450 sub
2630 2381 2847 2450 anxio
2880 2395 3069 2451 metu

931 2499 1301 2592 multoque
1355 2519 1622 2593 pavore
1672 2509 1885 2588 atque
1947 2494 2327 2565 formidine
2377 2495 2879 2589 elanguerant,
2936 2495 3070 2566 sue-

935 2628 1236 2709 rantque
1283 2611 1737 2706 vectigalium
1784 2625 1853 2680 et
1898 2611 2358 2681 collectarum
2417 2636 2636 2681 onere
2686 2611 3072 2708 plurimum

940 2730 1250 2825 gravati,
1291 2725 1724 2798 commercia
1760 2749 2050 2820 quoque
2110 2751 2267 2821 quae
2309 2727 2383 2797 in
2431 2727 2565 2797 illis
2612 2727 2819 2798 terris
2880 2727 3075 2798 Flan-

940 2845 1258 2915 driarum
1296 2858 1484 2913 tcrra
1526 2843 1848 2936 marique
1893 2842 1981 2912 de
2030 2857 2183 2912 toto
2221 2867 2420 2940 paene
2471 2842 2862 2913 christiano
2903 2843 3070 2913 orbe

945 2961 1380 3058 permaxime
1443 2959 1752 3028 exerceri
1810 2959 2079 3050 solent,
2136 2959 2465 3029 halecum
2524 2959 2739 3030 etiam
2790 2974 3071 3030 caetero·

949 3101 1248 3171 rumque
1277 3075 1580 3174 piscium
1612 3075 2062 3172 piscatioiieS‚
2090 3075 2481 3145 lanificium
2499 3089 2895 3171 caeteraque
2923 3077 3077 3146 arti-

949 3194 1163 3264 ficum
1199 3217 1418 3290 opera
1441 3191 1743 3287 (quibus
1776 3215 1862 3262 ex
1897 3189 2108 3261 rebus
2144 3193 2391 3289 populi
2422 3206 2769 3264 terrarum
2799 3192 3073 3264 illarum

953 3310 1265 3380 victitare
1319 3322 1390 3377 et
1433 3331 1729 3402 magnas
1780 3331 1952 3403 opes
1997 3331 2307 3403 quaerere
2351 3307 2922 3405 consueverunt)
2960 3309 3078 3378 im·

952 3425 1225 3494 minuta
1293 3423 1680 3520 plurimum
1746 3437 1816 3492 et
1869 3423 2019 3516 jam
2080 3448 2305 3528 prope
2370 3424 2565 3494 nulla
2626 3425 3075 3514 exsisterent,

953 3542 1351 3638 priscorum
1424 3541 1732 3610 felicium
1802 3554 2209 3636 temporum
2266 3543 2805 3638 comparatione
2854 3569 2869 3609 :
2940 3567 3077 3612 non

957 3660 1192 3727 minus
1223 3656 1436 3727 etiam
1471 3656 1736 3727 subditi
1774 3657 1955 3752 regis
1990 3655 2082 3726 ab
2122 3657 2313 3753 ipsc,
2350 3656 2481 3727 sub
2521 3671 2858 3754 praetextu
2890 3681 3083 3751 guer-

955 3797 1230 3858 rarum,
1293 3772 1554 3843 militia}
1595 3773 1805 3843 simul
1860 3788 1930 3841 et,
1976 3772 2403 3844 tributorum
2439 3773 2777 3844 oneribus
2813 3773 3080 3844 fuerant

955 3891 1216 3960 mirum
1262 3890 1336 3960 in
1384 3889 1685 3959 modum
1749 3890 2091 3985 oppressi.
2146 3894 2323 3960 Nam
2374 3890 2599 3960 tallias
2639 3905 2709 3960 et
2758 3889 3084 3959 collectas

955 4031 1166 4104 super
1194 4007 1491 4076 miseros
1531 4007 1927 4097 regnicolas
1972 4007 2062 4076 ad
2111 4031 2466 4077 summam
2498 4031 2726 4100 usque
2756 4061 2774 4094 ,
2826 4030 2981 4100 quae
3018 4008 3082 4075 iu

953 4122 1164 4218 triplo
1237 4121 1602 4191 excederet
1674 4147 1832 4192 eam
1901 4147 2116 4217 quam
2188 4147 2509 4218 unquam
2575 4148 2744 4192 suus
2812 4125 3085 4218 genitor
