3400 5417
1179 493 1397 550 LIBER
1457 493 1837 554 SEPTIMUS.
2454 503 2481 557 1
2497 504 2573 561 53

436 637 720 722 partem
747 678 770 717 ,
805 647 974 694 cum
1013 649 1146 696 suo
1206 624 1429 722 impio
1485 624 1813 697 satellitio
1859 625 2231 723 expilasset
2288 651 2373 701 ac
2409 629 2575 703 diri-

433 739 728 838 puisset.

537 857 853 926 Fuerunt
889 855 962 928 in
994 879 1085 927 eo
1112 856 1500 928 certamine
1527 854 1705 929 bina
1730 857 1884 929 vice
1908 857 2266 931 Clivenses
2295 859 2573 958 depulsi

431 985 510 1043 et
550 971 716 1044 loco
767 972 947 1044 moti
971 1024 991 1063 ,
1058 973 1353 1044 viriliter
1419 989 1489 1044 et
1549 989 1834 1046 strenue
1885 974 2397 1050 dimicantibus
2449 979 2575 1074 qui

431 1114 572 1186 pro
605 1087 1018 1162 defensione
1054 1090 1304 1188 plateae
1339 1105 1410 1161 et
1440 1091 1741 1163 civitatis
1773 1089 2197 1182 adstabant3
2238 1091 2362 1164 sed
2401 1092 2577 1167 fina-

429 1207 596 1280 liter
627 1232 704 1279 se
737 1207 1360 1280 accumulantibus
1395 1208 1843 1280 Clivensibus
1880 1223 1951 1279 et
1974 1211 2309 1282 atrociter
2340 1211 2577 1283 immi·

431 1323 800 1414 uentibus,
828 1349 1110 1397 necesse
1141 1327 1240 1397 eis
1272 1326 1426 1418 fuit,
1467 1325 1592 1429 qui
1621 1326 1835 1420 longe
1863 1327 2236 1423 pauciores
2269 1352 2573 1400 numero

428 1456 684 1530 erant,
719 1443 885 1513 loco
925 1442 1203 1516 cedere.
1254 1447 1434 1515 Nam
1478 1458 1550 1514 et
1591 1444 1762 1540 ipsis
1805 1444 2250 1516 Clivensibus
2291 1470 2441 1517 sese
2487 1472 2571 1517 ex

429 1559 718 1630 civitate
767 1558 1099 1630 nonnulli
1133 1560 1663 1651 consociarant,
1705 1560 1831 1654 qui
1869 1559 2238 1631 acerbiore
2284 1560 2457 1634 odio
2497 1563 2569 1632 in

429 1699 646 1745 suum
681 1672 1090 1746 ferebantur
1114 1675 1559 1772 episcopum.

531 1791 783 1862 Statim
811 1805 1049 1862 autem
1075 1805 1155 1862 ut
1184 1805 1376 1886 terga
1409 1806 1773 1862 verterunt
1791 1847 1809 1882 ‚
1848 1791 1972 1887 qui
2000 1815 2133 1888 pro
2157 1788 2573 1862 defensione

427 1903 881 1999 adstiterant‚
930 1908 1060 2005 ipsi
1098 1908 1454 1978 Clivenses
1487 1932 1655 1979 cum
1707 1908 1982 1978 civibus
2026 1931 2167 1978 suae
2205 1905 2566 1999 factioniS,
2644 1993 2648 1997 ι

428 2017 738 2092 effractis
767 2021 1170 2093 carceribus
1209 2022 1282 2092 in
1321 2021 1585 2118 quibus
1617 2020 1955 2092 dominus
1990 2020 2079 2091 de
2118 2019 2472 2116 Mongs'ort
2503 2034 2571 2091 et

429 2134 554 2207 alii
603 2137 912 2209 fautores
952 2136 1060 2209 sui
1109 2137 1679 2228 asservabantur,
1725 2136 1819 2209 ad
1867 2136 2210 2235 palatium
2253 2138 2570 2235 episcopi

427 2252 878 2352 irruperunt,
929 2269 999 2325 et
1051 2255 1356 2325 effractis
1396 2269 1469 2325 et
1506 2254 1802 2352 direptis
1848 2253 2373 2350 exportatisque
2411 2279 2571 2323 om·-

429 2368 646 2440 nibus
708 2394 864 2465 quae
920 2369 1097 2442 inibi
1168 2371 1548 2467 portabilia
1599 2372 1887 2440 inventa
1942 2384 2147 2461 suut,
2204 2369 2276 2438 in
2335 2369 2568 2466 ipsum

427 2485 648 2557 etiam
675 2488 876 2583 pium
911 2485 1327 2585 pontificem
1353 2487 1611 2556 Christi
1642 2491 1751 2555 et¹
1787 2485 2165 2555 dominum
2201 2485 2571 2578 sacrilegas

431 2625 690 2674 manus
753 2627 929 2674 ausu
987 2603 1298 2675 nefando
1348 2604 1635 2698 injicere
1693 2626 1843 2672 non
1900 2608 2066 2671 suut
2118 2600 2355 2690 veriti3
2392 2601 2568 2696 quin

427 2735 503 2790 et
540 2721 780 2791 multis
807 2747 974 2792 eum
1002 2720 1285 2818 probris
1319 2745 1401 2791 ac
1437 2719 1912 2810 contumeliiS,
1953 2715 2225 2810 absque
2261 2717 2408 2786 ullo
2438 2718 2564 2786 Dei

427 2837 690 2908 timore
742 2852 811 2906 ct
863 2836 1038 2907 sacri
1099 2836 1371 2906 ordinis
1422 2835 1856 2926 reverentia,
1921 2834 2292 2922 affectum,
2352 2833 2563 2903 etiam

427 2950 656 3022 domo
701 2952 995 3049 propria
1046 2951 1429 3046 ejecerunt.
1472 2954 1652 3020 Cum
1708 2975 1919 3042 verO,
1961 2964 2254 3047 propter
2295 2947 2565 3018 arthre-

430 3068 606 3140 ticas
645 3069 1007 3164 passiones
1040 3066 1345 3164 pedibus
1387 3092 1534 3136 non
1582 3066 1783 3137 facile
1828 3083 2065 3162 posset
2105 3083 2273 3137 tunc
2316 3063 2567 3135 ambu-

426 3184 578 3255 lare
602 3239 620 3274 ,
657 3183 749 3254 ad
785 3182 1176 3280 quamdam
1207 3184 1419 3254 aliam
1448 3182 1777 3272 domum,
1812 3182 1938 3252 ubi
1967 3184 2133 3254 satis
2160 3183 2296 3252 vile
2327 3180 2564 3279 publi·

427 3325 600 3370 cum
654 3298 1030 3370 tenebatur
1085 3298 1519 3395 hospitium,
1562 3299 1976 3395 deportatus
2016 3314 2159 3386 est,
2209 3313 2421 3392 atque
2463 3296 2561 3367 ibi

428 3441 559 3512 per
592 3415 742 3485 dies
774 3415 1037 3484 multos
1070 3417 1444 3484 servatus&

529 3536 690 3629 Ipso
751 3545 989 3601 autem
1035 3529 1150 3600 die
1214 3554 1360 3624 quo
1413 3530 1561 3620 sie,
1621 3531 1723 3600 uti
1777 3527 2126 3617 diximus,
2182 3529 2427 3598 civitas
2474 3529 2562 3598 ir-

425 3661 637 3742 rupta
692 3645 823 3716 fuit
883 3661 952 3716 et
1009 3643 1142 3715 sub
1211 3646 1597 3742 impiorum
1657 3647 2039 3716 hominum
2106 3671 2400 3716 manum
2460 3671 2562 3714 re-

509 3877 570 3932 1.
619 3877 725 3932 Ms.
758 3888 812 3931 et
840 3874 1044 3932 Matth.
1082 3876 1358 3933 Christum
1387 3877 1689 3932 dominum.

510 3971 570 4028 2.
623 3993 650 4018 α
684 3969 882 4025 Statim
923 3968 1252 4044 praeparatis
1287 3969 1448 4044 equis
1477 3981 1530 4024 et
1565 3967 1831 4025 curribus
1853 4011 1868 4038 ‚
1906 3968 2235 4044 episcopum
2284 3965 2557 4022 Davidem

429 4089 458 4114 ι(
495 4061 692 4118 currui
723 4061 1052 4137 imponunt,
1089 4063 1520 4119 Amerssortiam
1555 4062 1799 4128 vehunt,
1835 4061 1930 4118 ubi
1961 4061 2111 4139 apud
2146 4060 2495 4136 Agathcnsvs
2527 4079 2555 4113 a

430 4181 459 4206 α
496 4155 734 4211 domino
767 4158 1037 4230 Reynero
1076 4155 1146 4211 dc
1182 4158 1608 4228 Braeckluqrsen
1647 4157 1909 4232 captivus
1948 4156 2254 4213 detinetur.
2295 4181 2320 4205 n
2358 4159 2558 4208 Rerum

425 4249 994 4320 amerssortianarum
1026 4263 1221 4303 auctor
1246 4256 1486 4304 incertus
1509 4293 1522 4317 ‚
1556 4250 1664 4306 citi*
1701 4269 1805 4325 par
1837 4250 2154 4306 Matthaeus.
