3400 5417
893 493 1008 550 1120
1437 489 1955 551 HISTORIARUM
1999 445 2358 549 LtJDovlcl
2397 493 2485 550 xl

887 624 1258 696 exitialiter
1290 622 1827 722 premebantur,
1865 625 2025 722 paci
2066 622 2519 722 libertatique
2552 649 2694 696 suae
2720 626 3017 697 restituti

889 741 1204 812 tuissent.

987 857 1196 952 Atqui
1229 855 1550 953 profecto
1585 856 1799 928 tantis
1837 855 2051 927 bonis
2094 857 2227 954 ipsi
2277 855 2558 952 indigni
2604 871 2841 945 erant,
2883 881 3017 927 nec

887 971 1138 1066 dignas
1184 972 1348 1042 satis
1390 971 1628 1043 adhuc
1664 994 1915 1068 poenas
1949 972 2397 1043 exsolverant
2437 995 2571 1069 pro
2596 971 3017 1046 malevolen-

886 1087 1009 1177 tia,
1031 1086 1201 1158 odio
1222 1101 1434 1184 atque
1453 1085 2081 1176 exsecrationibus,
2098 1110 2275 1183 quas
2294 1086 2637 1158 adversus
2654 1086 3015 1184 praefatum

886 1203 1241 1300 optimum
1304 1202 1723 1300 pontificem
1784 1203 2190 1275 habuerant
2248 1218 2461 1298 atque
2528 1219 3008 1274 exercuerant.

887 1321 1186 1417 Propter
1237 1345 1392 1416 quae
1430 1321 1693 1392 scelera
1736 1336 1806 1392 et
1850 1320 2168 1392 facinora
2208 1349 2244 1387 «
2280 1318 2575 1390 tradidit
2614 1344 2741 1391 eos
2777 1319 3014 1391 divina

877 1435 1146 1531 justitia
1178 1437 1250 1506 in
1286 1436 1674 1534 reprobum
1712 1462 2026 1524 sensum,
2064 1466 2099 1500 2>
2134 1451 2204 1505 et
2248 1465 2281 1503 t<
2314 1450 2587 1507 mentes
2620 1460 2874 1508 eorum
2907 1460 3016 1505 ex-

884 1551 1171 1622 caecavit
1201 1552 1456 1622 merito
1502 1552 1840 1648 nequitiae
1879 1575 2021 1621 suae
2046 1606 2064 1640 ,
2094 1575 2147 1616 σι
2186 1564 2264 1620 ut
2293 1575 2577 1644 aequum
2612 1565 2684 1622 et
2710 1549 3007 1645 justum,

883 1666 1225 1762 quodque
1263 1667 1364 1738 eis
1411 1667 1862 1738 utilissimum
1908 1666 2119 1737 fuisse
2162 1665 2542 1758 debuerat,
2584 1667 2879 1738 minime
2915 1667 3011 1737 vi-

884 1781 1053 1852 dere
1086 1797 1299 1878 atque
1333 1807 1719 1878 agnoscere
1770 1796 2085 1881 possent.
2128 1781 2343 1868 Quod
2380 1807 2463 1850 ex
2498 1780 2827 1874 duobus,
2868 1807 3015 1878 quae

884 1913 1055 1968 tunc
1082 1924 1210 1996 per
1239 1924 1363 1970 eos
1398 1914 1588 1994 gesta
1627 1913 1830 1987 sunt,
1876 1900 2263 1994 unicuique
2297 1899 2557 1968 intueri
2583 1899 2768 1970 licet.

987 2020 1148 2086 Uno
1173 2016 1466 2114 quidem
1497 2019 1690 2112 quia,
1733 2041 1897 2086 cum
1931 2031 2193 2086 trames
2227 2029 2458 2086 rectus
2482 2031 2555 2087 et
2576 2029 2861 2112 apertus
2890 2041 3013 2089 nec

883 2131 1062 2202 alius
1090 2148 1258 2202 tunc
1293 2133 1426 2203 nisi
1463 2132 1579 2203 ille
1611 2134 1865 2202 unicus
1906 2133 2004 2203 eis
2034 2146 2331 2229 pateret,
2366 2130 2795 2229 [videbatur]
2824 2133 3011 2228 quod

884 2247 1184 2318 domino
1219 2264 1288 2319 et
1322 2250 1589 2346 pastori
1623 2274 1754 2318 suo
1789 2249 2137 2345 piissimO,
2178 2250 2300 2342 qui
2339 2249 2655 2345 paratior
2689 2263 2839 2319 erat
2872 2274 3015 2320 om-

885 2389 1051 2434 nem
1080 2367 1154 2435 in
1184 2391 1258 2436 se
1294 2365 1640 2435 offensam
1679 2364 2097 2435 condonare
2130 2390 2347 2460 quam
2402 2365 2536 2461 ipsi
2574 2379 2851 2461 petere,
2876 2390 3014 2436 sese

882 2467 1380 2550 reconciliatos
1421 2494 1490 2548 et
1537 2493 1829 2575 pacatos
1861 2503 2009 2549 esse
2043 2479 2471 2566 voluissent,
2512 2502 2859 2574 eumque,
2904 2505 3013 2549 ve-

882 2594 988 2664 lut
1033 2595 1325 2666 unicum
1365 2620 1505 2664 suae
1559 2595 1993 2665 defensionis
2038 2620 2120 2665 ac
2176 2594 2517 2666 libertatis
2566 2593 3009 2692 praesidium,

881 2711 957 2780 in
1017 2736 1216 2782 suam
1273 2710 1628 2781 civitatem
1701 2711 2151 2781 invexissent.
2209 2711 2348 2782 Sed
2411 2713 2772 2781 tramitem
2821 2710 3015 2781 illum

883 2827 1277 2922 callemque
1319 2842 1591 2897 rectum
1644 2841 1713 2897 et
1767 2827 2294 2924 paratissimum
2330 2851 2414 2898 ac
2464 2827 2881 2898 facillimum
2930 2827 3015 2898 ad

883 2967 1135 3039 pacem
1163 2968 1365 3014 suam
1396 2943 1909 3038 acquirendam
1931 2999 1947 3032 ,
1990 2967 2117 3014 sua
2152 2945 2419 3014 malitia
2454 2945 2755 3014 omnino
2804 2969 3015 3015 excae-

882 3059 1057 3145 cati,
1101 3083 1232 3128 nec
1267 3059 1647 3156 complecti
1691 3085 1823 3128 nec
1874 3083 2258 3152 agnoscere
2293 3073 2717 3156 potuerant3
2774 3085 3014 3131 verum

882 3175 1120 3272 potius
1152 3176 1284 3272 ipsi
1314 3177 1614 3246 omnino
1651 3199 1978 3245 aversum
2014 3199 2055 3245 a
2090 3201 2217 3246 sua
2245 3177 2466 3246 salute
2501 3191 2571 3246 et
2599 3175 2839 3272 quiete
2869 3177 3015 3248 ani-

883 3317 1120 3383 mum,
1156 3294 1348 3362 velut
1377 3290 1706 3361 homines
1746 3290 2059 3361 frenetici
2088 3306 2157 3361 ct
2185 3291 2610 3382 dementati,
2650 3291 3009 3384 gerebant.

887 3406 1092 3476 Unde
1127 3432 1292 3476 cum
1339 3406 1411 3476 in
1461 3431 1545 3476 ea
1583 3407 1680 3476 sic
1717 3405 2014 3475 collecta
2062 3407 2308 3502 populi
2333 3406 2791 3476 multitudine
2843 3433 3019 3477 unus

885 3525 992 3592 vir
1046 3524 1284 3594 bonus
1327 3540 1396 3595 ct
1438 3523 1754 3621 prudens
1806 3524 2263 3593 acclamasset
2302 3521 2499 3616 quod
2544 3537 2913 3619 oporteret
2952 3549 3018 3592 se

887 3641 1075 3710 illico
1133 3643 1410 3712 mittere
1459 3642 1546 3712 ad
1609 3666 1817 3709 suum
1870 3639 2283 3737 pontificem
2338 3641 2617 3734 aliquos
2678 3641 2803 3734 qui
2858 3666 3015 3711 eum

887 3758 977 3828 ad
1030 3760 1388 3829 civitatem
1449 3757 1931 3843 adducerent,
1996 3758 2225 3828 statim
2284 3782 2325 3827 a
2372 3757 2581 3828 turba
2638 3757 3013 3854 impiorum

887 3875 1355 3946 acclamatum
1411 3889 1513 3944 est
1587 3899 1659 3942 se
1722 3897 2091 3968 nunquam
2152 3876 2329 3943 velle
2405 3875 2636 3944 cidem
2698 3873 3011 3971 pontifici

889 4018 1016 4063 suo
1065 4007 1136 4062 et
1174 3992 1474 4090 principi
1511 4014 1785 4086 parere,
1837 4014 1967 4058 nec
2008 3989 2180 4059 ullas
2219 3991 2317 4059 eis
2354 3991 2461 4059 ἰι]1
2501 3992 2841 4086 episcopo
2886 3992 3011 4056 Da-

972 4228 1026 4281 l.
1071 4223 1337 4299 Corrigez
1369 4241 1457 4276 eos
1491 4240 1632 4274 rum.
