3400 5417
995 491 1108 548 308
1844 486 2247 561 nomeu,

993 619 1612 719 quemadmodum
1643 620 2015 692 retulimus
2034 672 2054 709 ‚
2096 635 2169 690 et
2196 618 2361 691 lassi
2408 633 2482 688 et
2529 619 2933 716 plurimum
2965 621 3127 692 alte-

991 734 1122 804 rati
1155 732 1618 804 redieramus.
1680 737 1825 802 Nec
1866 731 2013 802 ullo
2048 730 2273 803 modo
2309 729 2713 802 haesitamus
2746 732 2867 803 vel
2902 730 3126 803 ambi·

989 874 1210 944 guum
1245 848 1598 921 habemus
1633 847 1838 942 quin,
1866 847 1925 918 si
1964 846 2205 919 adhuc
2237 844 2371 917 sub
2406 846 2681 918 ditione
2712 863 2791 919 et
2818 849 2901 919 in
2934 851 3128 920 terris

985 967 1168 1061 regis
1240 965 1513 1036 inventi
1581 963 1988 1051 fuissemus,
2056 962 2474 1059 hujusmodi
2537 965 3126 1062 peregrinationis

986 1107 1170 1153 onus
1193 1105 1479 1152 necesse
1513 1080 1752 1151 subire
1791 1079 2334 1168 habuissemus3
2376 1079 2571 1150 unde
2604 1081 2869 1177 procul
2912 1078 3123 1152 dubio

985 1224 1357 1298 nunquam
1412 1197 1902 1292 rediissemus,
1952 1211 2223 1269 attenta
2264 1196 2671 1269 vehementi
2706 1199 3123 1271 alteratione

979 1339 1200 1412 quam
1235 1316 1763 1386 incurreramus
1810 1314 1913 1409 (et
1959 1329 2114 1384 tum
2159 1311 2401 1386 adhuc
2449 1337 2533 1385 ea
2588 1313 3121 1410 detinebamur)

977 1458 1066 1504 ex
1117 1433 1302 1504 sacta
1356 1431 1687 1527 proximo
1733 1444 1898 1502 ante
1946 1455 2191 1501 mense
2237 1444 2308 1500 et
2354 1429 2729 1527 perfuncta
2764 1431 2895 1503 illa
2946 1433 3122 1528 lega-

979 1551 1198 1621 tione.
1255 1549 1424 1620 Erat
1455 1549 1650 1619 enim
1693 1571 1779 1616 ea
1810 1571 1976 1644 pars
2014 1547 2186 1621 anni
2213 1603 2231 1639 ‚
2282 1571 2565 1618 menses
2602 1547 2877 1618 scilicet
2916 1549 3121 1620 aestivi

967 1665 1149 1759 junii
1185 1678 1256 1734 et
1281 1663 1480 1758 julii,
1539 1662 1612 1731 in
1648 1661 1913 1758 quibus
1957 1663 2028 1731 in
2065 1662 2185 1734 illa
2215 1661 2490 1735 torrida
2522 1664 2821 1757 regione
2862 1664 3120 1736 solares

974 1792 1180 1848 aestus
1209 1779 1450 1849 saevire
1480 1777 1789 1847 maxime
1818 1791 1889 1847 et
1921 1791 2192 1848 torrere
2221 1793 2775 1848 consueverunt.

1071 1895 1212 1965 Sed
1253 1895 1396 1988 ille,
1449 1909 1518 1964 et
1566 1919 1717 1963 non
1752 1893 1959 1978 alius,
2023 1908 2174 1963 erat
2222 1893 2440 1964 totius
2480 1893 2909 1989 hujusmodi
2942 1895 3119 1990 lega-

975 2015 1191 2084 tionis
1223 2012 1474 2086 affictae
1508 2026 1580 2081 et
1610 2010 2029 2108 compositae
2062 2009 2264 2101 finis,
2300 2009 2394 2081 ab
2425 2011 2562 2081 illis
2596 2012 3041 2109 impiissimis
3062 2028 3123 2083 et

972 2128 1460 2225 perfidissimis
1492 2125 1915 2198 hominibus
1953 2126 2295 2218 intentuS,
2330 2127 2455 2223 qui
2489 2151 2639 2197 non
2672 2127 2876 2198 aliud
2914 2153 3121 2225 quam

974 2270 1109 2315 nos
1134 2245 1494 2342 perditum
1534 2244 1618 2312 iri
1653 2258 1725 2314 et
1753 2240 2129 2313 laboribus
2159 2256 2371 2337 atque
2396 2243 2738 2313 molestiis
2764 2259 2842 2314 et
2874 2245 3123 2316 inediis

975 2361 1236 2432 confici
1288 2358 1706 2456 satagebant
1761 2373 1833 2428 et
1886 2356 2341 2452 quaerebant‚
2393 2373 2474 2429 ut
2516 2358 2765 2450 nobiS,
2826 2386 3121 2458 quoquo

971 2478 1195 2549 modo
1232 2479 1374 2548 vita
1403 2476 1685 2564 functis,
1715 2475 1809 2545 ad
1836 2475 2358 2570 assequendam
2389 2476 2761 2547 ecclesiam
2798 2493 3119 2550 nostram

971 2610 1264 2693 possent
1307 2594 1702 2691 pervenire.
1765 2597 2096 2678 Quorum
2133 2589 2485 2689 improbis
2538 2608 2608 2663 et
2645 2593 2942 2665 nefariis
2977 2622 3119 2691 sug·

974 2709 1415 2806 gestionibus
1446 2710 1544 2808 ⁴in
1597 2722 1877 2778 tantum
1932 2733 2053 2777 rex
2114 2706 2559 2779 obaudiebat
2612 2734 3119 2806 assensumque

975 2825 1349 2923 praestabat
1391 2839 1510 2916 ut,
1549 2849 1592 2894 a
1628 2823 1995 2894 nonnullis
2044 2823 2134 2894 de
2186 2823 2651 2921 primioribus
2701 2841 2923 2920 atque
2972 2829 3121 2898 inti·

972 2941 1321 3011 mioribus
1355 2941 1479 3036 qui
1513 2940 1702 3010 circa
1740 2963 1981 3033 regem
2013 2955 2252 3028 erant,
2310 2940 2521 3012 nobis
2561 2967 2689 3038 per
2724 2940 2917 3013 fidos
2946 2968 3119 3013 nun·

972 3056 1109 3127 tios
1155 3056 1251 3126 ob
1303 3081 1465 3126 eam
1502 3057 1732 3126 solam
1783 3079 2072 3126 causam
2124 3053 2217 3126 ad
2265 3080 2399 3125 nos
2447 3081 2489 3127 a
2531 3055 2863 3128 ducentis
2904 3057 3117 3129 leucis

971 3175 1222 3271 procul
1261 3199 1483 3269 usque
1517 3172 2026 3270 Perpinianum
2069 3173 2321 3242 missos
2356 3173 2555 3268 (nam
2584 3173 2726 3243 tale
2763 3191 3114 3246 secretum

971 3291 1218 3360 litteris
1246 3290 1693 3361 committere
1721 3288 2125 3357 nullatenus
2156 3289 2308 3359 ausi
2334 3288 2659 3384 fuissent)
2683 3288 2901 3360 nobis
2918 3289 3119 3361 fuerit

971 3408 1236 3504 pluries
1284 3407 1717 3491 nuntiatum,
1772 3404 2188 3500 priusquam
2240 3404 2669 3500 Perpiniano
2746 3405 3117 3476 excedere-

973 3549 1156 3612 imm,
1181 3537 1561 3619 postquam
1583 3535 1826 3590 tamen
1854 3519 2214 3589 licentiam
2230 3520 2631 3590 revertendi
2647 3520 2722 3589 in
2747 3522 3117 3594 Franciam

966 3640 1116 3734 jam
1149 3662 1651 3733 acceperamus
1676 3692 1694 3726 ‚
1740 3634 1936 3730 quod
1972 3636 2045 3703 in
2087 3634 2500 3731 hujusmodi
2535 3661 2879 3708 concessa
2912 3636 3119 3708 nobis

975 3755 1258 3824 licentia
1285 3778 1542 3850 parum
1581 3752 1799 3822 fidere
1835 3748 2307 3840 debebamus,
2353 3750 2695 3848 quodque
2746 3752 2965 3824 nobis
3007 3779 3119 3824 ne·

972 3871 1354 3942 cessarium
1409 3885 1597 3958 erat,
1667 3869 1725 3938 si
1778 3867 1972 3937 illinc
2045 3867 2374 3937 recedere
2439 3894 2762 3964 unquam
2819 3869 3113 3942 debere·

972 4014 1167 4080 ωας,
1215 3987 1435 4057 alium
1480 3986 1800 4056 colorem
1855 3983 2049 4081 apud
2097 4010 2336 4079 regem
2372 3986 2847 4082 praetendere,
2899 4013 3111 4084 quam

970 4105 1149 4175 aeris
1187 4118 1254 4174 et
1294 4103 1640 4172 coelorum
1692 4100 1876 4170 illius
1930 4114 2130 4169 terrae
2180 4101 2805 4198 intemperantiam
2849 4117 2920 4172 et
2977 4103 3111 4174 dis-

967 4221 1542 4293 convenientiam
1581 4233 1837 4289 nostrae
1871 4216 2356 4313 complexioni
2392 4234 2463 4290 et
2492 4220 2736 4310 saluti3
2778 4245 2949 4292 nam
2986 4221 3105 4290 hu-
