3400 5417
878 524 951 588 ⁴2
1420 520 1934 580 msmluAnUM
1975 519 2332 579 Luuovlcl
2371 519 2456 576 XI

874 670 1141 729 serunt.
1178 638 1517 744 'Quorum
1542 704 1563 737 ,
1603 653 1730 750 qui
1775 651 2012 749 plures
2039 706 2058 739 ‚
2093 650 2188 724 ad
2219 652 2652 747 octingintos
2675 703 2695 739 ‚
2747 652 2867 727 alii
2910 652 3002 727 ad

872 785 1229 843 trecentos
1261 793 1643 841 numerum
1678 765 2078 843 ascendisse
2109 765 2509 839 dicebant¹.

972 890 1061 971 Et
1091 886 1266 959 tales
1310 900 1523 982 atque
1554 881 2095 980 hujuscemodi,
2133 897 2283 955 tam
2323 883 2514 955 circa
2557 888 2999 973 Toruacum,

871 1027 1091 1100 quam
1119 1002 1311 1073 circa
1342 997 2205 1072 Sanctum-Andomarum
2236 998 2409 1070 etin
2434 996 2782 1071 limitibus
2809 1001 3006 1073 Han·

872 1119 1144 1209 noniae,
1193 1116 1401 1189 ludos
1441 1116 1875 1214 frequenter,
1907 1115 2306 1188 alternante
2345 1112 2630 1187 fortuna
2649 1168 2668 1204 ‚
2699 1114 3008 1189 exerceri

876 1249 1090 1331 atque
1122 1232 1276 1305 fleri
1315 1231 1604 1305 aiebant
1628 1284 1647 1319 ,
1686 1232 1924 1305 hieme
1957 1243 2445 1330 procurrente.

1579 1492 2095 1562 CAPITULUM
2145 1493 2297 1561 XII.

872 1660 1185 1730 QuomodO,
1212 1680 1335 1733 rege
1354 1661 1631 1715 exsistente
1662 1660 1801 1714 circa
1826 1661 2157 1726 Atrebatum,
2184 1673 2238 1715 et
2269 1660 2407 1715 duce
2434 1661 2674 1729 Ausa-ia,
2704 1682 2826 1715 cum
2858 1682 3014 1716 exer-

941 1746 1053 1799 citu
1085 1744 1263 1800 valido
1289 1786 1304 1809 ‚
1344 1746 1483 1798 circa
1522 1744 1701 1797 villam
1755 1744 2232 1799 Pontis-Avendini
2257 1786 2272 1811 ,
2321 1746 2538 1801 fuerunt
2573 1747 2712 1801 inter
2749 1766 2842 1800 eos
2873 1748 3015 1801 inita

944 1844 1161 1904 treuga,
1187 1829 1279 1883 sed
1300 1832 1437 1884 male
1459 1844 1693 1885 servata.

972 1986 1156 2055 Cum
1175 1997 1415 2056 autem
1437 1984 1878 2055 transiissent
1901 1982 2158 2054 hiemis
2181 2007 2460 2056 menses
2473 1999 2544 2055 et
2561 2008 2789 2083 prope
2815 1983 3018 2056 fieret

876 2115 1074 2171 aestas
1100 2151 1117 2183 ,
1171 2124 1257 2172 ex
1305 2115 1534 2172 tractu
1588 2114 1660 2170 et
1709 2099 1931 2169 limite
1979 2098 2292 2171 fluminis
2341 2101 2646 2197 Ligeris,
2688 2100 2761 2170 in
2812 2100 3020 2197 cujus

877 2215 1046 2311 ripis
1106 2215 1255 2309 (uti
1296 2214 1650 2309 diximus)
1699 2238 1822 2283 rex
1879 2214 2273 2285 hiematum
2315 2230 2798 2301 concesserat,
2848 2240 3021 2286 con-

876 2332 1114 2402 tractis
1143 2356 1229 2403 ex
1262 2346 1417 2402 toto
1463 2356 1594 2405 suo
1645 2356 1868 2425 regno
1918 2332 2194 2425 maguis
2238 2332 2558 2428 undique
2591 2334 2914 2428 equitum
2947 2350 3020 2405 et

878 2446 1201 2543 peditum
1237 2448 1498 2545 copiis,
1550 2447 1641 2517 ad
1688 2448 2112 2544 campestria
2150 2448 2422 2518 Artesiae
2473 2464 2543 2518 et
2586 2448 3020 2520 Atrebaten-

878 2563 1065 2633 sium
1114 2587 1323 2657 agros
1363 2577 1466 2632 est
1516 2586 1861 2633 reversus.
1913 2562 2128 2648 Quod
2192 2587 2360 2632 cum
2413 2563 2672 2633 ducem
2728 2566 3019 2635 Austriae

880 2705 1188 2776 suosque
1222 2680 1517 2749 minime
1546 2679 1763 2749 latere
1793 2693 2064 2775 posset,
2106 2680 2555 2774 maximeque
2583 2681 3015 2777 FlamingOS‚

882 2797 1004 2890 qui
1064 2795 1474 2892 primioreS,
1540 2809 1883 2888 tanquam
1938 2793 2360 2881 viciniores,
2411 2794 2503 2866 ab
2567 2794 2896 2867 hostibus
2944 2823 3022 2869 se

881 2911 1169 3005 aggredi
1203 2910 1656 2997 verebantur,
1712 2935 1750 2980 e
1802 2909 2083 2979 diverso
2131 2911 2224 2981 ad
2274 2912 2614 2981 tutandos
2663 2912 2840 2984 fines
2887 2913 3022 2984 ob-

884 3028 1214 3123 viamque
1294 3025 1836 3096 imminentibus
1903 3025 2233 3122 periculis
2301 3051 2760 3123 processuros
2811 3054 2962 3101 sese
2993 3086 3014 3120 ,

884 3158 1154 3239 quanto
1212 3142 1615 3236 diligentius
1676 3159 1889 3238 atque
1938 3144 2334 3214 accuratius
2378 3159 2743 3241 poterant,
2798 3146 3018 3243 adpa-

886 3254 1161 3327 rabant.
1222 3256 1429 3325 Unde
1477 3254 1622 3326 dux
1661 3256 1948 3325 Austriae
1975 3307 1992 3339 ,
2035 3256 2350 3326 collectis
2385 3256 2659 3350 magnis
2694 3258 3020 3355 profecto

884 3372 1109 3469 copiis
1155 3397 1241 3442 ex
1278 3371 1654 3441 Germanis
1696 3368 2182 3467 superioribus
2203 3424 2222 3455 ,
2269 3371 2389 3464 qui
2429 3369 2702 3464 dietim,
2738 3389 2812 3443 ut
2845 3374 3022 3446 dixi-

885 3514 1045 3559 mus
1072 3544 1089 3575 ,
1150 3489 1239 3559 de
1296 3490 1508 3561 variis
1543 3502 1612 3558 et
1658 3488 1954 3558 (liversis
2003 3488 2386 3583 provinciis
2427 3490 2826 3559 Germaniae
2855 3543 2872 3573 ‚
2927 3492 3016 3561 ad

885 3606 1238 3701 stipendia
1267 3603 1400 3674 sibi
1441 3605 1831 3688 militaturi,
1868 3602 2392 3694 adventabant,
2432 3604 2706 3697 magnis
2730 3630 3018 3701 quoque

886 3745 969 3790 ex
992 3720 1322 3792 Flaudria
1346 3737 1413 3792 et
1444 3720 1820 3791 Brahantia
1840 3735 2052 3814 atque
2075 3720 2481 3809 Harmonia,
2507 3721 2674 3791 exiit
2696 3723 2768 3792 in
2795 3737 3018 3793 castra

885 3855 956 3910 et
993 3856 1317 3937 patentes
1348 3841 1626 3910 Artesiae
1660 3864 1982 3935 camp08,
2009 3862 2232 3935 prope
2253 3838 2496 3909 villam
2523 3840 3021 3911 Pontis-Aven-

888 3955 1038 4027 diui
1062 3961 1083 3994 ²
1110 3970 1337 4026 castra
1370 3970 1694 4027 metatus.

971 4100 1026 4152 1.
1072 4096 1160 4153 Cs.
1194 4096 1451 4161 Molinet‚
1490 4109 1531 4151 t.
1568 4098 1658 4163 11,
1689 4094 1783 4152 ch.
1817 4114 1932 4151 tw.

970 4194 1027 4246 ἕξ.
1076 4190 1564 4251 Pom-it-Vcndin,
1595 4191 1728 4264 pres
1756 4188 1827 4244 de
1855 4191 2026 4254 Lem,
2059 4187 2419 4257 aujourd'hui
2446 4187 2588 4243 dans
2619 4188 3020 4245 l’arrondisse-

794 4352 803 4365 Ι
894 4296 1047 4338 ment
1074 4283 1145 4339 de
1173 4284 1431 4341 Bethune
1458 4281 1943 4354 (Pas-de-Calais).
