3400 5417
955 484 1072 539 312
1819 480 2231 554 Ammon,

959 613 1347 688 mobilibus
1374 614 1845 712 spoliaremur
1862 669 1885 706 ,
1923 639 2151 711 eaque
2182 615 2585 714 diripienda
2618 631 2690 688 et
2724 616 3077 716 perdenda

959 730 1307 829 improbis
1335 730 1632 825 hujusce
1671 729 1934 801 nostris
1970 729 2409 803 delatoribus
2440 732 2905 805 donarentur.

1057 847 1222 934 Sed,
1267 846 1466 944 quod
1500 846 1614 918 his
1648 845 1990 919 omnibus
2021 848 2303 920 damnis
2328 849 2697 947 amplioris
2728 851 3084 922 anxietatis

963 977 1034 1034 et
1071 963 1411 1034 molestiae
1457 961 1667 1033 nobis
1716 963 2085 1034 materiam
2125 963 2387 1055 attulit,
2423 963 2696 1035 eisdem
2744 966 3083 1060 iniquissi-

958 1080 1092 1151 mis
1126 1077 1544 1149 hominihus
1579 1076 1989 1173 agentibuS,
2025 1079 2172 1151 duo
2209 1079 2531 1174 germani
2560 1079 2830 1171 nostri,
2866 1080 3087 1152 Ludo-

960 1196 1158 1267 vicus
1188 1209 1260 1265 et
1289 1193 1598 1265 Thomas
1615 1196 1661 1286 ¹,
1701 1193 1828 1291 qui
1855 1192 2588 1269 administrandarum
2610 1219 2853 1267 rerum
2887 1197 3086 1268 totius

961 1316 1271 1387 ecclesiae
1300 1329 1557 1385 nostrae
1589 1327 1658 1384 et
1691 1315 2105 1412 patrimonii
2154 1339 2403 1387 curam
2442 1313 2785 1413 gerebant
2822 1317 2901 1387 in
2934 1318 3087 1388 cixi-

961 1447 1103 1503 tate
1146 1446 1423 1520 nostra,
1468 1455 1511 1502 a
1545 1432 1776 1528 patria
1819 1446 1889 1502 et
1939 1433 2247 1529 propriis
2300 1433 2529 1504 avulsi
2572 1431 2847 1504 laribus
2890 1449 3088 1530 atque

961 1545 1424 1642 conjugibus,
1467 1547 1728 1643 captivi
1774 1547 1866 1618 ad
1900 1571 2137 1644 regem
2189 1547 2482 1620 abducti
2527 1563 2695 1619 sunt
2750 1573 2924 1619 cum
2960 1574 3090 1620 ma·

961 1664 1154 1735 ximo
1191 1664 1345 1733 vitae
1380 1687 1523 1733 suae
1557 1663 2005 1752 discrimine3
2058 1662 2395 1762 fuereque
2434 1663 2701 1735 detenti
2735 1664 2935 1762 apud
2966 1668 3091 1734 Tu-

966 1782 1164 1852 ronis
1195 1806 1324 1878 per
1355 1804 1630 1852 annum
1664 1805 1833 1850 cum
1879 1780 2179 1855 dimidio
2212 1805 2379 1852 cum
2425 1780 2838 1879 ingentibus
2870 1795 3087 1866 metu,

965 1898 1178 1969 taedio
1231 1913 1303 1968 et
1356 1895 1772 1993 angoribus.
1829 1901 1995 1984 Quo
2055 1896 2477 1968 decurrente
2520 1913 2889 1996 tempore,
2942 1922 3093 1968 cum

964 2030 1209 2112 raptos
1258 2027 1329 2084 et
1380 2038 1466 2083 ex
1502 2012 1797 2083 diversis
1832 2013 2225 2085 Galliarum
2268 2014 2661 2111 provinciis
2692 2038 2831 2111 pro
2872 2013 3097 2084 simili-

966 2125 1104 2198 bus
1137 2128 1513 2199 calumniis
1549 2142 1620 2198 et
1665 2129 1897 2198 causis
1928 2126 2278 2199 adductos
2310 2129 2775 2225 quamplures
2796 2185 2815 2216 ,
2848 2129 2931 2198 in
2966 2128 3099 2198 ssu-

967 2247 1163 2316 mine
1216 2244 1605 2315 suffocatos
1662 2258 1787 2314 aut
1859 2244 2061 2314 aliter
2117 2259 2450 2316 enecatos
2513 2244 2891 2335 audirent,
2968 2259 3099 2314 tam

965 2363 1177 2434 anxia
1225 2362 1487 2457 jugiter
1543 2359 2057 2459 premebantur
2114 2360 2496 2432 formidine
2563 2376 2644 2432 ut
2698 2385 2850 2432 non
2918 2361 3099 2433 aliud

967 2493 1482 2576 exspectarent,
1531 2503 1748 2574 quam
1787 2478 1986 2573 quod
2019 2479 2343 2550 dietenus
2377 2479 2696 2549 similiter
2726 2478 2821 2550 ad
2857 2503 3099 2549 necem

969 2597 1123 2692 rapi
1159 2610 1372 2690 atque
1421 2595 1590 2665 duci
1622 2594 1991 2665 deberent.

1069 2715 1253 2782 Cum
1289 2727 1528 2782 autem
1563 2736 1692 2782 sua
1724 2710 2143 2806 hujusmodi
2180 2725 2379 2781 tanta
2410 2711 2769 2808 pericula,
2818 2735 3103 2781 succen-

974 2854 1276 2924 sumque
1335 2829 1518 2898 adeo
1569 2829 1642 2897 in
1694 2853 1829 2898 nos
1880 2843 1949 2898 et
1993 2853 2176 2920 sese,
2216 2852 2428 2898 causa
2460 2829 2724 2916 nostri,
2778 2829 2967 2924 regis
3012 2828 3103 2896 fu·

974 2970 1247 3033 rorem,
1315 2959 1566 3040 agente
1618 2945 2220 3016 calumniatorum
2276 2945 2625 3040 nequitia,
2690 2942 2907 3014 nobis
2965 2945 3109 3013 inti·

973 3087 1171 3132 mare
1239 3076 1642 3152 curassent,
1717 3062 1839 3157 qui
1909 3077 2062 3131 tum
2126 3060 2524 3152 Gebennis,
2590 3061 2695 3129 uti
2760 3059 3101 3148 diximu5‚

975 3199 1293 3265 eramuS,
1373 3175 2032 3271 supplicassentque
2108 3172 2198 3243 ad
2256 3171 2723 3266 mitigandam
2782 3171 3107 3266 hujusce-

975 3291 1172 3360 modi
1229 3289 1744 3385 indignationis
1800 3292 2007 3385 regiae
2054 3289 2551 3380 acerbitatem,
2615 3290 2739 3384 qui
2787 3305 2945 3360 tum
2991 3291 3107 3357 Sa-

973 3406 1315 3477 baudiam
1387 3407 1849 3476 vehementer
1910 3406 2008 3476 ob
2080 3407 2341 3477 sactum
2400 3406 2755 3476 dictorum
2820 3405 3107 3476 fratrum

983 3524 1386 3620 principum
1415 3547 1705 3592 exosam
1743 3521 2059 3593 habebat
2084 3578 2101 3610 ,
2157 3537 2507 3618 quatenus
2545 3545 2629 3592 ea
2676 3520 3020 3592 excedere
3052 3534 3111 3588 et

977 3641 1052 3709 in
1085 3639 1548 3709 Germaniam
1580 3663 1713 3708 nos
1748 3638 2128 3709 transferre
2155 3639 2521 3729 vellemus,
2560 3638 2803 3708 relicta
2838 3638 3109 3707 civitate

980 3756 1435 3829 Gebennensi
1465 3760 1511 3847 ²,
1589 3759 1929 3827 Basileam
1994 3783 2128 3828 nos
2182 3758 2613 3827 contulimus
2640 3812 2657 3845 ‚
2737 3773 3109 3855 postquam

978 3874 1322 3943 trimestre
1358 3874 1664 3970 spatium
1698 3872 1893 3970 apud
1934 3874 2316 3945 Cebennas
2350 3873 2923 3970 perfecissemuS,
2966 3897 3110 3969 spe·

1060 4069 1116 4122 1.
1164 4063 1341 4121 Louis
1368 4077 1423 4121 et
1451 4065 1698 4123 Thomas
1744 4065 1945 4136 Rasin,
1989 4068 2250 4124 nommes
2283 4066 2426 4124 dans
2466 4066 2753 4144 plusieurs
2794 4063 2893 4121 des
2930 4064 3111 4139 pieces

971 4158 1368 4231 justilicatixes
1397 4164 1571 4235 qu’on
1603 4174 1875 4217 trouvera
1903 4159 2047 4217 dans
2081 4161 2134 4218 le
2168 4163 2268 4217 IVe
2296 4161 2552 4222 volume.

1061 4257 1120 4313 2.
1166 4256 1309 4310 Vers
1339 4253 1392 4310 le
1421 4254 1563 4311 mois
1586 4254 1658 4312 de
1681 4253 2010 4334 septembre
2035 4255 2215 4314 1468.
