3400 5417
1061 474 1176 530 178
1601 469 2117 530 HISTORIARUM
2157 468 2514 526 Lunovlct
2553 469 2641 524 XI

1059 623 1274 680 eausa
1314 599 1736 694 indulgeret.
1792 604 2099 696 Eratque
2143 623 2434 697 prorsus
2468 599 2727 694 linguae
2756 598 3134 670 disertione¹

1056 732 1129 790 et
1192 715 1478 790 dicendi
1541 715 1826 793 solertia
1884 740 2151 788 vacuus
2214 729 2426 812 atque
2484 716 2806 813 ineptus,
2869 715 3136 810 linguam

1057 833 1334 908 habens
1367 836 1823 926 crassiorem,
1870 859 2003 908 uec
2032 833 2277 907 valens
2306 834 2613 906 litteram
2646 859 2687 904 r
2726 836 2802 907 in
2844 858 3137 930 quacum-

1058 977 1200 1050 que
1243 952 1591 1043 dictione,
1639 951 1909 1046 absque
1948 950 2307 1024 indecenti
2358 951 2523 1026 satis
2554 950 2815 1046 lingum
2866 950 3139 1025 crassitu-

1058 1069 1254 1162 dine,
1291 1067 1634 1166 proferre.

1152 1189 1328 1258 Tam
1373 1209 1546 1256 vero
1591 1183 1941 1280 loquendi
1992 1181 2244 1256 avidus
2293 1196 2478 1275 erat,
2532 1195 2615 1254 ut
2656 1182 2774 1256 vix
2810 1180 2998 1270 aliis,
3047 1182 3137 1278 qui

1055 1327 1302 1375 coram
1351 1300 1487 1372 sihi
1538 1303 1975 1392 assisterent,
2011 1301 2243 1372 vicem
2289 1298 2605 1395 aliquam
2654 1296 2748 1371 ad
2781 1296 3041 1395 aliquid
3063 1297 3139 1368 di·

1056 1424 1366 1495 cendum
1399 1425 1660 1494 sineret
1686 1422 2053 1521 impertiri.
2094 1420 2302 1494 Unde
2325 1445 2371 1493 a
2394 1421 2713 1517 quodam
2738 1421 2905 1492 satis
2936 1420 3138 1513 insigni

1055 1542 1210 1611 viro
1246 1540 1334 1610 de
1360 1565 1476 1630 e0,
1512 1540 1809 1610 minime
1841 1564 1884 1611 a
1918 1563 2090 1610 vero
2127 1539 2465 1632 alienum,
2504 1537 2894 1635 aliquando
2919 1536 3139 1607 dictum

1055 1669 1195 1743 est,
1239 1683 1272 1722 «
1311 1679 1354 1726 a
1395 1679 1640 1742 mane,
1688 1680 1835 1750 quo
1869 1679 1913 1726 a
1944 1678 2201 1724 somno
2253 1668 2603 1748 surgeret,
2660 1678 2743 1724 os
2786 1653 2853 1723 ei
2898 1652 3140 1723 minime

1054 1771 1328 1863 claudi,
1362 1786 1433 1842 et
1459 1771 1779 1865 linguam
1800 1771 2147 1868 loquendi
2179 1796 2326 1842 non
2351 1795 2623 1843 cessare
2648 1767 2929 1861 offici0,
2960 1768 3141 1839 donec

1057 1891 1351 1977 iterum,
1393 1912 1547 1959 sera
1579 1903 1790 1961 nocte
1824 1890 2203 1980 redeunte,
2247 1889 2479 1986 capite
2512 1888 2607 1959 ad
2657 1886 2963 1958 cervical
2988 1908 3141 1982 repo-

1055 2005 1233 2097 sito,
1288 2029 1584 2076 somnus
1632 2005 1769 2076 sibi
1802 2006 2148 2101 loquendi
2182 2005 2399 2076 finem
2466 2006 2893 2102 imponeret.
2940 2033 2971 2068 υ
3024 2005 3141 2086 Qua

1057 2122 1332 2194 ratione
1379 2137 1568 2192 recte
1613 2121 1843 2192 fatuus
1894 2123 2147 2218 aliquis
2196 2122 2453 2192 merito
2486 2121 2625 2192 dici
2664 2120 2845 2192 solet
2872 2176 2891 2210 ,
2934 2117 3017 2190 ab
3046 2118 3142 2186 im·

1059 2236 1428 2309 moderata
1470 2237 1736 2308 scilicet
1778 2252 1849 2308 et
1884 2237 2264 2309 indiscreta
2308 2236 2655 2308 effusione
2691 2251 2910 2332 atque
2952 2235 3143 2327 loqua-

1056 2354 1291 2424 citate.

1155 2468 1296 2538 Sed
1327 2493 1418 2537 ne
1453 2470 1527 2538 in
1560 2467 1715 2538 solo
1744 2491 2072 2538 sermone
2111 2483 2181 2538 et
2211 2469 2638 2540 verbositate
2669 2469 2801 2540 viri
2830 2468 3145 2540 stultitiam

1057 2610 1263 2682 posse
1299 2586 1749 2655 manifestare
1784 2584 2189 2674 videamur,
2232 2587 2446 2656 etiam
2483 2587 2836 2657 nonnulla
2877 2583 3145 2682 exempla

1059 2723 1250 2794 quae,
1303 2716 1542 2770 utrum
1583 2700 1896 2770 hominis
1934 2700 2352 2796 sapientiam
2410 2717 2531 2773 aut.
2563 2702 3011 2800 prudentiam
3054 2723 3146 2796 po-

1061 2816 1198 2886 tius
1255 2841 1474 2912 quani
1528 2816 1895 2887 stultitiam.
1941 2815 2375 2888 irridendam
2442 2817 2926 2914 praetendant,
2966 2819 3147 2910 legen·

1063 2932 1242 3001 tium
1278 2957 1594 3002 censura:
1621 2947 1833 3026 atque
1859 2931 2133 3026 judicio
2162 2934 2649 3029 relinquimus,

1164 3053 1321 3118 Non
1372 3049 1757 3118 reseremus
1806 3048 2331 3145 expeditionem
2379 3077 2597 3146 quam
2640 3051 2977 3123 adversus
3018 3055 3146 3119 Leo-

1062 3164 1265 3235 dium
1307 3166 1661 3235 civitatem
1713 3180 1784 3234 et
1828 3165 2289 3254 Leodiensffi,
2356 3192 2538 3262 quos
2582 3169 2656 3238 in
2706 3193 2907 3240 arma
2948 3182 3146 3239 contra

1063 3283 1434 3368 Carolum,
1519 3282 1779 3351 ducem
1862 3283 2453 3376 Burgundionum
2507 3286 2786 3382 ‚inclytae
2873 3283 3149 3357 recorda·

1065 3400 1303 3484 tionis,
1341 3399 1843 3487 concitaverat,
1876 3424 2039 3467 cum
2071 3399 2327 3470 eodem
2352 3402 2609 3472 Carolo
2635 3401 2821 3473 duce
2850 3403 3142 3499 suscepit,

1069 3514 1191 3585 ubi
1228 3539 1512 3584 crucem
1547 3516 1767 3584 sancti
1800 3514 2088 3583 Andrea*
2113 3570 2129 3603 ,
2182 3531 2521 3611 tanquam
2565 3520 2839 3590 satelles
2878 3525 3149 3614 Burgun-

1069 3633 1227 3718 duS,
1252 3658 1463 3729 super
1494 3646 1760 3702 vestem
1786 3634 2118 3729 portavit,
2153 3648 2225 3703 et
2254 3637 2394 3703 vive
2417 3639 2857 3735 Bourgoigne
2878 3636 2902 3706 Ι
2923 3635 3151 3731 magnis

1071 3747 1337 3817 viribus
1366 3747 1781 3818 acclamavit
1805 3751 1858 3835 ²3
1901 3773 2030 3817 nec
2059 3750 2371 3819 edictum
2393 3751 2482 3821 de
2509 3752 2810 3823 canibus
2830 3752 3145 3822 omnibus,

1070 3890 1196 3962 per
1223 3865 1614 3934 Galliarum
1659 3863 1904 3954 urbeS,
1950 3866 2018 3934 in
2067 3868 2307 3938 locum
2361 3895 2585 3940 unum
2629 3897 2871 3943 coram
2914 3896 2955 3941 a
2989 3895 3052 3941 se
3081 3866 3146 3937 ad

1071 3981 1213 4049 hoc
1280 3981 1673 4049 commissis
1730 3980 2070 4073 cogendis
2129 3996 2198 4052 et
2249 3983 2725 4074 adducendis,
2786 3986 2917 4056 sub
2980 4006 3149 4083 poena

1152 4143 1208 4196 1.
1259 4141 1365 4194 Ms.
1399 4141 1727 4194 desertione.

1154 4238 1208 4290 Ξ.
1260 4235 1404 4307 Voy.
1443 4244 1482 4287 t.
1517 4235 1593 4294 ΙΙ,
1629 4253 1684 4306 p.
1724 4235 1841 4290 203
1872 4245 1925 4288 et
1954 4235 2095 4293 209.
