3400 5417
1112 542 1330 598 LIBER
1372 542 1652 599 SEXTUS
1664 584 1675 595 .
2357 545 2383 598 1
2399 545 2474 599 25

341 695 483 768 que
540 671 838 741 sinistris
896 671 1209 741 consiliis
1250 671 1799 761 circumventus,
1839 695 1884 743 a
1934 685 2121 743 recte
2174 686 2246 744 et
2294 673 2477 768 juste

342 788 713 885 desponsis
745 787 1021 876 resiliit,
1081 787 1547 885 prorupitque
1594 788 1671 859 in
1707 787 1974 859 frivolae
2007 788 2376 884 cujusdam
2408 808 2480 863 et

340 906 733 977 temerariae
773 904 1269 1003 appellationis
1320 928 1601 977 vocem.
1650 907 1824 993 Quae
1870 905 2190 1004 profecto
2224 908 2478 980 merito

341 1018 737 1106 subsistere„
746 1020 907 1117 jure
934 1044 1085 1091 non
1119 1034 1422 1118 poterat,
1459 1035 1613 1092 tum
1645 1021 1843 1118 quod
1865 1046 1951 1091 ex
1989 1036 2182 1093 certa
2205 1038 2482 1096 senten-

346 1138 437 1208 tia
474 1138 742 1208 summi
784 1135 1140 1234 pontificis
1170 1137 1551 1235 appellatio
1584 1136 2072 1228 inhibebatur,
2105 1154 2260 1210 tum
2283 1142 2479 1237 quod

344 1254 652 1325 monitio
701 1277 849 1325 non
902 1270 1054 1325 erat
1102 1255 1237 1326 nisi
1290 1255 1379 1325 de
1428 1254 1541 1324 his
1587 1279 1744 1351 quae
1803 1256 2060 1326 divinis
2116 1246 2483 1356 praeceptis

344 1385 413 1442 et
452 1371 673 1443 sacris
715 1396 1079 1443 canonum
1120 1369 1608 1442 sanctionibus
1654 1369 1807 1441 fieri
1844 1371 2212 1468 jubentur.
2255 1376 2482 1446 Noto-

344 1488 528 1558 rium
564 1488 858 1586 insuper
898 1503 1049 1559 erat
1097 1489 1369 1559 crimen
1420 1488 1776 1559 evidentia
1819 1487 2008 1579 facti,
2050 1490 2246 1587 quod
2286 1491 2480 1563 nulla

346 1617 626 1700 poterat
668 1603 1243 1698 tergiversatione
1290 1602 1502 1673 celari
1561 1602 1668 1673 vel
1731 1602 2084 1676 obfuscari
2107 1643 2146 1691 ‚·
2197 1604 2288 1678 de
2335 1631 2480 1703 quo

346 1719 671 1808 crimine,
702 1733 783 1788 ut
820 1743 893 1789 se
928 1718 1245 1814 ejusdem
1272 1732 1665 1816 patratores
1700 1720 2192 1811 emendarent,
2231 1721 2482 1793 admo·

348 1832 727 1905 nebantur.
768 1837 890 1905 Hae
936 1847 1175 1904 autem
1211 1858 1436 1904 causa»
1484 1849 1554 1903 et
1596 1857 1845 1905 earum
1898 1835 2188 1934 singulae
2229 1837 2480 1908 validae

348 1964 506 2021 sunt
532 1964 608 2021 et
637 1948 959 2021 efficaces
981 1949 1074 2021 ad
1094 1949 1563 2045 rejiciendum
1586 1964 1656 2019 et
1679 1947 2202 2023 exsufflandum
2230 1978 2482 2025 omnes

348 2065 642 2163 hujusce
675 2066 959 2136 frivolas
985 2065 1520 2164 appellationes.

442 2184 648 2281 Atqui
691 2182 1159 2253 nihilominus
1206 2183 1339 2280 ipsi
1385 2181 1753 2252 seditionis
1809 2195 2156 2271 auctoreS,
2209 2184 2309 2254 eis
2371 2185 2478 2255 in-

352 2301 541 2389 nexi,
584 2313 657 2370 et
691 2299 1508 2370 excommunicationem
1541 2312 1613 2368 et
1659 2299 2042 2370 anathema
2077 2300 2260 2371 sedis
2315 2325 2482 2399 apo-

351 2414 633 2503 stolicae,
662 2414 1117 2486 interdictum
1135 2439 1424 2510 quoque
1444 2412 1889 2511 publicatum
1909 2428 2473 2509 contemnenteS,

352 2554 420 2600 se
476 2544 820 2628 praetextu
897 2531 1053 2602 talis
1113 2530 1608 2627 appellationis
1669 2530 1998 2601 defensos
2049 2529 2479 2603 sufficienter

348 2643 785 2738 jactitabant.
826 2646 1043 2732 Quod
1077 2662 1146 2717 et
1182 2646 1545 2735 nonnulli,
1592 2645 1727 2716 sibi
1780 2644 2309 2743 evangelizandi
2328 2647 2479 2718 offi-

353 2761 535 2831 cium
580 2776 999 2860 usurpantes
1022 2818 1039 2851 ,
1080 2764 1230 2833 ausi
1281 2776 1443 2833 sunt
1490 2762 1561 2830 iu
1622 2761 1994 2851 cathedra,
2061 2787 2276 2860 quam
2329 2789 2477 2834 nou

356 2875 634 2948 deceret
674 2878 807 2947 nisi
842 2877 1261 2972 evangelica}
1298 2878 1609 2949 veritatis
1650 2879 1976 2949 nuntiam
2019 2905 2202 2967 esse,
2244 2881 2478 2977 impu-

356 2993 600 3067 denter
629 2993 920 3066 auribus
942 2996 1281 3067 adstantis
1303 2994 1552 3092 populi
1578 2996 1921 3090 ingerere.
1950 2996 2088 3081 Qui
2125 2997 2363 3083 etiam,
2406 3011 2483 3065 ut

356 3110 619 3181 eisdem
648 3111 951 3209 amplius
979 3111 1154 3182 fides
1180 3111 1588 3199 haberetur,
1633 3110 1952 3181 officium
2004 3112 2481 3207 inquisitionis

355 3223 695 3299 haereticae
762 3229 1125 3325 pravitatis
1189 3254 1261 3298 se
1317 3227 1685 3324 jactabant
1745 3226 2037 3299 habere.
2115 3230 2254 3299 Sed
2313 3254 2478 3299 cum

356 3343 575 3416 clerus
610 3344 1035 3416 venerabilis
1080 3344 1378 3414 civitatis
1411 3344 1499 3414 de
1531 3344 2026 3439 hujuscemodi
2077 3344 2482 3439 apostolicis

358 3461 896 3552 monitionibuS,
979 3462 1292 3533 censuris
1366 3475 1434 3532 et
1505 3462 1916 3549 interdictis,
1993 3462 2208 3558 ipsius
2266 3463 2479 3533 etiam

360 3577 809 3671 Enghelberti
875 3579 1299 3666 assertione,
1363 3562 1736 3675 perquem
1789 3577 2207 3646 eorumdem
2242 3578 2482 3674 copias

358 3708 823 3792 acceperant,
896 3694 1326 3765 sufficienter
1390 3692 1745 3763 certiorati
1810 3708 2039 3763 essent
2063 3750 2081 3785 ,
2151 3692 2479 3763 decreve-

360 3822 557 3897 runt,
599 3810 701 3878 uti
736 3832 867 3905 par
900 3824 1073 3893 erat,
1113 3808 1517 3904 apostolicis
1546 3806 1899 3877 mandatis
1930 3832 2014 3877 ac
2041 3809 2352 3878 censuris
2382 3834 2483 3879 re-

360 3940 679 3995 verenter
710 3940 919 4019 atque
954 3924 1373 3994 obedienter
1409 3948 1682 4020 parere.

453 4042 634 4111 Sane
669 4067 832 4111 cum
866 4041 941 4112 id
986 4056 1307 4135 regentes
1340 4040 1638 4109 civitatis
1670 4054 1742 4109 et
1791 4037 2198 4109 rebellionis
2236 4057 2480 4110 aucto-

364 4178 465 4224 res
524 4157 1031 4227 intellexissent
1095 4156 1289 4251 quod
1346 4156 1573 4225 clerus
1606 4155 2064 4225 interdictum
2101 4154 2480 4226 observare

364 4273 739 4357 statuisset,
796 4287 865 4342 et
902 4273 1050 4368 jam
1095 4297 1137 4343 a
1167 4272 1426 4342 divinis
1478 4272 1547 4340 iu
1597 4272 1835 4363 vigilia
1893 4270 2081 4341 beati
2125 4272 2478 4341 Laurentii
