3400 5417
1233 539 1455 596 LIBER
1493 539 1798 598 PRIMUS.
2477 537 2593 594 263

459 667 602 739 fide
670 669 784 763 agi
842 684 914 740 et
981 695 1130 740 non
1199 669 1534 741 insidiose
1611 669 1726 742 vel
1803 669 2052 742 dolose
2118 671 2598 744 existimantes

460 785 1108 883 (quemadmodum
1161 800 1234 858 et
1294 787 1750 879 autumabat,
1810 801 1884 857 et
1931 786 2343 858 confidebat
2404 786 2597 859 idem

453 902 966 974 illustrissimus
1020 903 1164 975 dux
1239 903 1701 1000 Normaniae),
1771 928 1937 978 cum
2002 928 2091 975 eo
2144 905 2592 977 accessimuS.

457 1017 639 1110 Ubi,
695 1043 862 1090 cum
915 1034 1177 1091 statuto
1230 1017 1348 1092 die
1380 1019 1525 1093 illic
1551 1043 1688 1092 nec
1739 1019 1883 1092 dux
1920 1018 2301 1113 Borbonii,
2350 1045 2487 1092 nec
2513 1045 2600 1091 ex

454 1136 606 1205 suis
654 1133 940 1230 collegis
989 1134 1244 1230 aliquis
1299 1148 1838 1234 comparerent,
1904 1158 2039 1206 nec
2110 1136 2327 1206 etiam
2383 1135 2603 1208 altera

455 1249 605 1339 die,
629 1275 813 1346 quos
843 1265 1082 1324 tamen
1111 1251 1263 1346 jam
1289 1256 1427 1350 ‘per
1459 1250 1701 1349 plures
1724 1249 1881 1323 dies
1910 1265 2076 1322 ante
2104 1249 2314 1322 fuisse
2349 1253 2603 1322 Drocis

455 1365 858 1438 sciebamus
895 1365 1124 1464 (quod
1155 1381 1263 1438 est
1300 1367 1650 1466 oppidum
1699 1389 1743 1438 a
1787 1366 2209 1438 Loco-Veris
2254 1367 2440 1438 ultra
2470 1368 2604 1438 iter

456 1479 604 1553 diei
647 1484 858 1554 unius
909 1508 1056 1554 non
1119 1482 1534 1579 remotum),
1588 1485 1937 1581 coepimus
1996 1460 2456 1555 vehementer
2511 1483 2603 1554 de

456 1599 736 1670 insidiis
764 1613 835 1670 et
867 1598 1135 1670 dolosis
1150 1601 1578 1671 commentis
1599 1600 1942 1699 suspicari
1968 1613 2040 1672 et
2060 1601 2404 1699 ancipites
2421 1625 2596 1673 esse.

562 1716 707 1786 Rex
768 1729 922 1786 tum
976 1717 1268 1788 Carnoti
1317 1729 1468 1787 erat
1521 1741 1689 1788 cum
1752 1717 2032 1813 magnis
2090 1718 2315 1813 copiis
2346 1774 2363 1809 ,
2429 1741 2605 1813 quas

456 1833 678 1904 etiam
737 1857 821 1903 ex
888 1833 1100 1904 variis
1156 1833 1335 1904 locis
1389 1830 1900 1927 undecumque
1936 1846 2257 1932 poterat,
2317 1835 2391 1903 in
2454 1832 2606 1905 dies

457 1945 933 2018 contrahebat
982 1963 1054 2018 et
1101 1945 1431 2045 augebat.
1471 1950 1653 2020 Cum
1699 1951 1979 2044 itaque,
2037 1948 2482 2045 opperiendo
2536 1964 2605 2018 et

457 2063 937 2159 praestolando
994 2062 1198 2135 dictae
1238 2064 1615 2159 legationis
1647 2066 1857 2160 regiae
1896 2062 2290 2137 adventum
2313 2120 2330 2155 ,
2370 2067 2443 2135 in
2488 2091 2606 2136 eo-

457 2179 628 2251 dem
662 2182 824 2253 loco
861 2196 1001 2253 tres
1033 2181 1184 2253 dies
1218 2181 1775 2274 detrivissemuS‚
1825 2182 2174 2279 coepimus
2206 2180 2297 2252 de
2332 2207 2415 2254 ea
2462 2207 2602 2278 qua

458 2294 730 2368 detenti
755 2300 1113 2370 fueramus
1160 2299 1564 2397 suspicione
1597 2312 1811 2395 atque
1849 2297 2219 2396 ancipitiO,
2255 2299 2605 2397 patefacta

459 2427 534 2482 et
567 2415 640 2485 in
675 2413 912 2484 lucem
949 2413 1237 2512 prodita
1287 2415 1581 2486 veritate
1602 2469 1623 2507 ,
1658 2413 1998 2485 certiores
2029 2411 2261 2484 reddi.
2304 2417 2479 2485 Nam
2511 2416 2603 2487 ad

462 2554 598 2600 nos
648 2529 769 2601 illo
829 2554 916 2600 ex
967 2527 1291 2602 Ebroicis
1343 2530 1624 2602 civitate
1651 2585 1672 2623 ,
1727 2530 2048 2626 quinque
2094 2553 2242 2599 non
2300 2531 2606 2627 amplius

460 2643 680 2718 leucis
721 2659 1000 2717 remota
1060 2661 1274 2742 atque
1330 2645 1673 2738 distante,
1725 2645 2207 2717 adventarunt
2252 2647 2424 2715 certi
2474 2670 2605 2718 no-

460 2759 640 2833 biles
666 2777 922 2834 nostrae
938 2761 1290 2853 dioecesis,
1323 2761 1536 2835 nobis
1570 2760 1948 2834 familiares
1978 2776 2193 2858 atque
2223 2761 2599 2854 notissimi,
2630 2806 2639 2816 -

461 2879 588 2974 qui
668 2877 880 2950 nobis
957 2877 1354 2950 retulerunt
1421 2880 1728 2976 qualiter
1792 2878 2128 2950 hesterna
2204 2875 2365 2968 die,
2439 2903 2605 2949 cum

461 2994 557 3065 ad
621 3020 782 3067 eam
843 2997 1199 3066 civitatem
1256 2998 1659 3067 accessisset
1729 2994 1875 3065 dux
1936 2993 2316 3082 Borbonii,
2403 2994 2606 3089 quasi

464 3113 839 3182 transitum
878 3136 1006 3208 per
1043 3136 1203 3183 eam
1235 3113 1422 3206 (erat
1453 3112 1648 3182 enim
1685 3112 1821 3183 iter
1855 3125 2134 3182 rectum
2167 3108 2262 3180 ad
2300 3113 2600 3179 Locum-

469 3227 719 3316 Veris),
759 3228 861 3297 uti
899 3226 1316 3298 condictum
1347 3225 1613 3318 fuerat,
1657 3227 1969 3296 facturus
1993 3278 2010 3309 ,
2048 3239 2151 3314 et,
2197 3249 2281 3294 ex
2318 3224 2605 3320 speciali

467 3343 807 3414 mandato
857 3344 1042 3414 facto
1087 3345 1463 3440 capitaneo
1515 3343 1855 3414 civitatis²
1888 3357 1961 3412 et
1991 3342 2131 3414 loci
2169 3339 2445 3411 civibus
2480 3366 2607 3437 per

465 3460 725 3530 ducem
767 3462 1217 3532 Normanniae
1243 3516 1261 3551 ,
1318 3474 1508 3532 totus
1557 3461 1788 3531 clerus
1842 3474 1914 3530 et
1954 3457 2262 3556 populus
2307 3458 2606 3527 civitatis

464 3578 1084 3672 processionaliter
1117 3600 1284 3646 cum
1337 3575 1708 3663 crucibuS,
1760 3577 1973 3646 sacris
2012 3575 2326 3670 reliquiis
2374 3589 2442 3645 et
2484 3599 2602 3642 ve-

467 3692 648 3762 xillis
695 3695 767 3763 in
803 3693 1093 3764 obviam
1129 3692 1364 3763 eidem
1408 3693 1574 3764 duci
1615 3693 1957 3765 Borbonii
1985 3692 2359 3762 exivissem
2387 3743 2406 3776 ‚
2456 3715 2601 3758 non

469 3809 707 3878 minus
757 3809 991 3880 eidem
1053 3810 1422 3904 gestientes
1486 3810 1958 3880 reverentiam
2022 3821 2234 3902 atque
2289 3804 2605 3876 honores

467 3923 804 3994 exhibere
853 3950 1072 4019 quam
1115 3951 1246 3996 suo
1291 3925 1456 3995 duci
1497 3923 1770 3994 deferre
1809 3925 2206 4020 potuissent
2243 3923 2379 4015 (ita
2414 3921 2603 3989 enim

470 4052 547 4107 ut
598 4039 749 4109 haec
819 4041 1170 4131 facerent,
1245 4055 1322 4111 ut
1381 4040 1724 4127 diximus,
1793 4052 2216 4135 acceperant
2267 4039 2339 4107 in
2400 4061 2600 4106 man-

551 4202 608 4255 1.
657 4197 857 4254 C'etait
884 4200 1026 4252 Jean
1059 4194 1130 4251 de
1163 4193 1470 4260 Lorrainm
1502 4205 1689 4250 comte
1729 4191 1800 4246 de
1839 4195 2146 4258 Harcourt,
2172 4188 2271 4265 qui
2302 4206 2602 4258 comman—

469 4291 587 4350 dait
615 4293 766 4350 alors
797 4294 828 4348 a
863 4282 1113 4349 Evreux.
