3400 5417
1175 514 1393 569 LIBER
1434 514 1735 573 PRIMUS.
2407 518 2525 575 ³45

402 645 563 739 suga
613 668 741 715 sua
791 645 1253 742 conscripsit,
1323 644 1516 744 apud
1574 648 1908 721 mortales
1970 648 2302 718 homines
2365 646 2530 717 satis

398 773 805 831 excusatam
854 758 1005 830 fieri
1036 776 1369 858 putamus
1412 762 1882 835 secessionem
1922 776 2241 835 nostram
2286 761 2378 832 ab
2410 784 2532 832 ec-

398 877 612 950 clesia
662 891 941 969 nostra,
999 878 1364 975 potissime
1417 903 1618 971 cum,
1676 894 1757 950 ut
1808 881 1946 951 late
2013 903 2226 977 supra
2287 902 2532 950 recen·

400 994 697 1075 suimuS‚
724 994 795 1063 vi
824 993 1094 1088 majore
1123 1009 1338 1090 atque
1355 996 1645 1092 praecisa
1663 1051 1681 1083 ,
1712 997 1828 1065 cui
1852 995 2170 1068 resistere
2191 1010 2262 1066 et
2283 1010 2536 1066 contra

400 1110 531 1179 niti
571 1109 767 1181 nulla
801 1109 1011 1180 nobis
1048 1110 1337 1181 facultas
1366 1111 1521 1199 fuit,
1565 1110 1657 1183 ab
1688 1111 1939 1183 eadem
1972 1113 2159 1210 pulsi
2196 1127 2268 1183 et
2299 1112 2530 1208 ejecti,

401 1250 535 1295 nec
583 1225 674 1296 ad
727 1250 885 1295 eam
932 1228 1183 1297 reverti
1226 1228 1547 1323 permissi
1593 1226 1946 1299 ullatenus
1988 1227 2350 1298 fuerimus.
2393 1232 2538 1297 Nec

402 1356 639 1412 tamen
658 1357 1036 1439 propterea
1057 1343 1246 1441 apud
1266 1343 1661 1414 districtum
1679 1346 1717 1413 J
1722 1344 2003 1414 udicem
2025 1341 2537 1440 inculpabilem

403 1482 537 1528 nos
575 1472 694 1528 aut
725 1458 1081 1528 insontem
1117 1482 1425 1529 asserere
1458 1461 1948 1557 praesumimus
1970 1513 1988 1547 ,
2032 1489 2067 1526 «
2099 1459 2293 1556 apud
2321 1483 2537 1554 quem

404 1590 473 1649 et
529 1578 601 1647 in
655 1578 856 1673 cujus
918 1582 1307 1675 conspectu
1352 1608 1386 1645 >2
1442 1595 1517 1650 ut
1565 1604 1762 1651 sacer
1806 1580 2119 1678 psalmus
2165 1582 2261 1651 ait
2314 1610 2348 1645 α
2390 1605 2537 1650 non

396 1691 902 1787 justificabitur
950 1695 1184 1764 omnis
1215 1695 1457 1763 vivens
1502 1723 1582 1783 »3
1632 1696 1757 1765 sed
1803 1696 2040 1792 potius
2070 1694 2439 1765 humiliter
2474 1709 2541 1765 et

405 1807 663 1878 devote
722 1809 872 1903 ejus
924 1809 1485 1881 misericordiam
1537 1825 1750 1906 atque
1809 1826 2207 1882 erratorum
2259 1812 2542 1882 veniam

406 1922 902 2021 deprecamur.

1042 2232 1555 2302 CAPITULUM
1609 2233 1856 2300 XXIX.

448 2428 525 2479 De
548 2426 651 2479 alia
674 2426 941 2480 calumnia
968 2444 1029 2479 ac
1050 2427 1417 2499 persecutione
1444 2428 1498 2479 in
1521 2427 1763 2500 personis
1788 2428 2086 2501 conjunctis
2115 2428 2272 2481 nobis
2291 2427 2512 2481 inflicta.

520 2602 807 2688 Verum,
852 2614 921 2672 et
954 2600 1140 2673 ultra
1182 2626 1265 2674 ea
1315 2628 1469 2698 quae
1527 2605 2006 2693 narravimus,
2067 2628 2233 2674 cum
2287 2606 2358 2674 in
2421 2630 2553 2675 nos

417 2715 749 2786 malevoli
802 2741 936 2813 pro
999 2733 1170 2789 voto
1224 2721 1465 2790 saevire
1518 2744 1665 2789 non
1717 2733 2040 2816 possent,
2101 2720 2224 2816 qui
2260 2721 2334 2790 in
2372 2722 2551 2790 civi-

417 2844 556 2901 tate
593 2832 850 2927 insigni
885 2857 967 2902 ac
999 2833 1224 2905 libera
1268 2839 1736 2905 Treverorum
1783 2834 2160 2905 latibulum
2199 2860 2281 2907 ac
2318 2834 2556 2931 profu-

420 2949 611 3044 gium
665 2951 930 3037 tutum,
988 2954 1141 3019 Deo
1182 2950 1663 3041 concedente,
1728 2952 2292 3039 inveneramus¹,
2362 2966 2556 3022 extra

422 3064 713 3135 totalem
750 3066 933 3161 regis
972 3065 1289 3162 p1·a=dicti
1324 3065 1708 3155 ditionem,
1769 3069 2258 3160 cogitaverunt
2302 3067 2556 3137 iterum

425 3182 758 3253 nonnulli
791 3183 989 3279 impii
1030 3180 1401 3276 quomodo
1438 3182 1510 3250 in
1548 3206 1890 3277 personas
1923 3183 2376 3277 conjunctaS,
2416 3208 2560 3275 ger-

425 3325 678 3370 manos
732 3299 995 3369 scilicet
1054 3311 1335 3368 nostros
1377 3313 1444 3366 et
1500 3297 1854 3393 quosdam
1897 3297 2241 3367 honestos
2291 3323 2561 3369 merca-

428 3432 639 3505 toreS,
681 3415 802 3510 qui
836 3414 1224 3508 aliquando
1257 3414 1365 3483 vel
1401 3413 1734 3509 epistolas
1770 3414 1877 3483 vel
1923 3414 2262 3511 pecunias
2305 3414 2394 3483 de
2429 3415 2562 3510 spi-

428 3531 800 3600 ritualibus
844 3529 1308 3627 proventibus
1361 3530 1669 3598 ecclesiae
1728 3543 1979 3598 nostra*
2035 3530 2125 3599 ad
2178 3554 2309 3597 nos
2356 3528 2560 3597 detu-

428 3649 696 3737 lerant,
768 3647 1136 3733 sawirent,
1220 3669 1495 3739 nosque
1581 3646 1688 3715 vel
1766 3670 1854 3714 eo
1923 3644 2144 3716 modo
2213 3646 2564 3742 supplicio

430 3760 817 3832 afficerent.

536 3879 618 3943 Et
646 3890 785 3946 tres
814 3874 1103 3969 quidem
1142 3898 1225 3942 ex
1269 3873 1621 3966 germanis
1672 3876 1931 3943 nostris
1954 3927 1970 3960 ,
2006 3899 2319 3969 quorum
2354 3874 2564 3945 exsis-

435 4005 595 4060 tunt
630 3990 776 4061 duo
837 3990 931 4060 illi
985 4013 1166 4084 quos
1216 4012 1431 4085 supra
1470 3989 1772 4058 Turonis
1815 3988 2022 4058 fuisse
2075 3989 2199 4058 diu
2240 3989 2566 4059 detentos

522 4256 576 4308 1.
625 4256 714 4307 Au
748 4262 1239 4307 commenceruent
1266 4248 1337 4305 de
1366 4248 1588 4305 sanni-c
1633 4251 1809 4306 1471.

3363 1228 3365 1247 -
3355 842 3366 1193 -μ-Α-Ᾰ-ῌΑ-ΑΔ-Δ-
