3400 5417
1267 421 1725 481 PROOEMIUM.
2440 411 2557 480 239

417 557 778 654 rogationi
810 569 1058 627 vestrae
1093 579 1342 654 parere
1371 569 1584 652 atque
1613 553 2011 627 satisfacere
2042 577 2176 652 pro
2206 555 2561 628 concessis

417 694 463 746 a
498 671 796 745 domino
831 670 1100 744 viribus
1133 671 1597 763 tentavimuS,
1645 673 1723 742 in
1764 669 1987 741 nostri
2033 673 2561 744 exeusationem

417 813 547 861 seu
585 787 996 888 apologiam
1040 801 1297 859 nostrae
1349 788 1940 886 peregrinationis
1994 800 2064 857 et
2115 785 2563 860 discessionis

417 903 515 978 ab
546 906 867 1004 injuncta
899 906 1202 978 statione
1240 903 1562 976 libellum
1593 903 1792 975 hunc
1829 904 2357 1002 apologeticum
2388 919 2561 976 con-

418 1019 832 1095 scribentes.
884 1025 1191 1093 Tantum
1248 1021 1442 1093 enim
1491 1023 1902 1092 reverentiae
1946 1019 2269 1093 amicitiae
2319 1037 2563 1094 vestrae

421 1163 560 1212 nos
594 1137 858 1211 debere
908 1138 1332 1237 profitemur
1369 1161 1504 1235 pro
1536 1135 2046 1208 communibus
2095 1137 2270 1209 olim
2315 1136 2565 1209 studiis

420 1271 494 1327 et
521 1253 1050 1350 sodalitatibus,
1086 1251 1388 1354 quibuS,
1428 1252 1521 1325 ab
1560 1253 1853 1325 ineunte
1905 1253 2383 1326 adolescentia
2420 1275 2566 1327 una

421 1372 781 1445 exercitati
833 1373 1140 1467 suimus,
1197 1383 1276 1443 ut
1317 1369 1496 1442 nibil
1543 1395 1797 1442 eorum
1851 1395 2010 1470 quae
2065 1371 2154 1442 de
2219 1372 2566 1469 parvitate

423 1505 672 1560 nostra
704 1486 1105 1560 desiderare
1141 1487 1471 1588 potestiS,
1521 1487 1670 1558 ullo
1724 1502 1937 1585 pacto
1983 1487 2302 1562 abnuere
2358 1511 2566 1586 posse

421 1604 849 1676 rationabile
883 1605 997 1676 vel
1042 1629 1327 1701 {equum
1366 1605 1872 1676 existimemus.

525 1718 798 1791 Similia
852 1730 1092 1791 autem
1139 1745 1182 1792 a
1229 1719 1397 1790 viris
1443 1719 1721 1813 magnis
1774 1732 1842 1790 et
1903 1741 2215 1815 quorum
2270 1717 2568 1792 celebris

421 1851 832 1908 recensetur
882 1833 1229 1907 memoria
1272 1835 1461 1908 edita
1510 1835 1916 1932 frequenter
1968 1834 2178 1905 fuisse
2225 1837 2569 1933 opuscula

421 1975 561 2051 pro
595 1953 808 2023 variis
853 1953 1082 2023 causis
1121 1953 1607 2024 meminimus,
1661 1957 1844 2023 Nam
1895 1965 1965 2020 et
2012 1952 2394 2048 Gregorius
2432 1957 2568 2026 Na-

423 2067 830 2155 zianzenuS,
875 2067 1104 2138 dietus
1133 2065 1561 2162 TheologuS,
1596 2065 2122 2164 apologeticum
2155 2092 2289 2163 pro
2324 2093 2451 2141 sua
2493 2071 2567 2140 in

424 2183 886 2254 solitudinem
923 2183 1319 2253 secessione
1348 2181 1708 2275 eleganter
1748 2182 2063 2279 scripsit,
2099 2206 2189 2252 ne
2218 2179 2291 2252 id
2330 2184 2569 2256 fecisse

427 2315 693 2369 temere
721 2300 831 2369 vel
865 2297 1334 2369 inconsultius
1367 2323 1410 2369 a
1443 2319 1813 2392 quoquam
1853 2296 2282 2394 culparetur.
2302 2295 2572 2370 ‘Edidit

425 2427 497 2486 et
524 2414 776 2500 beatus
818 2413 1240 2485 Athanasius
1275 2412 1786 2483 Alexandrinus
1822 2412 2047 2484 libros
2089 2415 2570 2512 apologeticos

427 2527 520 2600 de
555 2531 718 2624 suga
751 2552 875 2600 sua
898 2584 916 2620 ,
954 2551 1096 2625 qua
1139 2528 1711 2626 persecutionem
1747 2531 2141 2600 Constantii
2180 2546 2248 2600 et
2285 2531 2572 2603 Ariano-

427 2669 617 2738 rum,
647 2645 1022 2717 adversum
1049 2667 1121 2714 se
1147 2645 1473 2740 nequiter
1500 2647 1966 2736 saevientium,
1998 2646 2326 2718 doctrina
2353 2647 2569 2719 fretus

428 2777 501 2833 et
548 2764 880 2860 exemplo
925 2759 1340 2853 SalvatoriS,
1395 2759 1848 2834 laudabiliter
1909 2759 2312 2835 declinavit.
2372 2767 2569 2863 Saepe

429 2879 646 2951 etiam
699 2881 1175 2975 Hieronymus
1219 2895 1289 2950 et
1337 2878 1632 2949 Rufinus
1675 2896 1888 2976 atque
1944 2881 2062 2951 alii
2114 2883 2571 2980 quamplures

429 2993 653 3066 libros
685 2997 757 3065 in
794 2995 1200 3094 apologiam
1231 2997 1335 3066 sui
1368 2997 1978 3094 conscripserunt,
2020 2995 2142 3067 ubi
2177 2998 2269 3068 ab
2303 2999 2571 3069 aemulis

430 3126 502 3183 et
554 3110 1153 3184 obtrectatoribus
1212 3113 1300 3182 de
1350 3114 1591 3209 aliquo
1646 3113 1917 3210 probro
1970 3114 2077 3183 vel
2129 3116 2573 3187 insimulatos

431 3253 541 3319 se,
606 3229 718 3299 vel
762 3229 1154 3299 insimulari
1219 3253 1424 3324 posse
1483 3241 2019 3323 cognoscerent.
2090 3234 2418 3316 Quorum
2480 3227 2573 3307 ad

431 3351 840 3450 exemplum
871 3409 890 3444 ,
926 3353 1173 3421 vestris
1217 3350 1581 3448 cupientes
1647 3351 2144 3448 obtemperare
2201 3351 2565 3448 precibu5‚

433 3491 683 3538 causas
739 3469 1052 3565 primurn
1105 3483 1175 3537 et
1225 3467 1635 3537 occasiones
1695 3467 1957 3564 quibus
2017 3467 2397 3539 adversum
2442 3494 2575 3540 nos

433 3580 642 3672 regiae
678 3577 1187 3674 indignationis
1220 3578 1567 3650 acerbitas
1601 3581 1957 3651 concitata
1997 3580 2237 3669 fuerit,
2278 3607 2574 3677 qua‘que

435 3715 570 3761 nos
597 3691 670 3760 in
706 3691 897 3764 hanc
939 3691 1584 3788 peregrinationem
1624 3707 1693 3761 et
1727 3715 1769 3762 a
1813 3692 2202 3762 ministerio
2254 3692 2573 3787 injuncto

435 3806 906 3874 cessationem
943 3804 1447 3899 compulerunt
1480 3819 1549 3873 et
1589 3803 1983 3896 adegerunt
2006 3861 2024 3895 ,
2067 3829 2353 3875 narrare
2388 3805 2577 3874 insti-

435 3915 726 3986 tuimus.
790 3917 918 3985 Cui
982 3916 1038 3985 si
1091 3914 1568 4012 provocandae
1629 3929 1698 3984 et
1759 3916 2266 3988 exacerbandae
2330 3939 2575 3987 causas

437 4031 617 4102 forte
646 4033 1209 4130 praestiterimuS,
1246 4046 1315 4101 et
1351 4031 1576 4100 zelum
1608 4029 1698 4100 ad
1737 4030 2014 4101 bonum
2042 4033 2139 4102 rei
2172 4031 2472 4128 publica*
2506 4047 2574 4102 et

429 4148 715 4244 justitiae
745 4161 957 4244 atque
985 4147 1327 4217 libertatis
1355 4148 1594 4242 patriae
1628 4147 1865 4217 minus
1903 4163 2106 4219 caute
2136 4148 2242 4218 vel
2273 4147 2573 4244 provide
