3400 5417
972 539 1192 593 LIBER
1234 534 1542 595 SEXTUS.
2213 535 2234 589 1
2253 536 2319 590 01

214 684 307 739 ter
342 667 806 765 displiceret¹.
855 670 1182 753 Quorum
1223 667 1474 738 merito
1517 666 1632 762 pie
1672 663 1866 735 credi
1893 679 2126 762 potest
2159 665 2332 736 divi-

214 809 365 854 nam
412 783 759 879 justitiam
782 787 827 873 ²,
874 784 1249 855 clementia
1303 795 1812 881 temperatam,
1856 780 1980 851 tali
2033 781 2332 854 civitatis

213 900 470 971 excidio
496 915 653 970 tum
684 900 1080 997 pepercisse
1096 902 1143 970 ³.

300 1018 449 1084 Non
478 1029 719 1083 tamen
759 1011 1029 1109 absque
1058 1013 1375 1112 plurium
1404 1035 1886 1083 aerumnarum
1926 1026 1996 1081 et
2034 1010 2326 1082 calami·

216 1146 421 1203 tatum
476 1130 770 1201 cumulo
810 1130 1056 1202 civitas
1093 1130 1527 1227 permansit3
1574 1127 1700 1199 sed
1739 1152 1898 1198 eam
1940 1143 2011 1198 et
2054 1128 2332 1199 caristia

216 1272 503 1319 annonae
548 1247 990 1343 aliarumque
1045 1271 1284 1317 rerum
1332 1245 1667 1316 humanis
1718 1243 1962 1313 usibus
2010 1268 2331 1315 necessa-

215 1365 495 1454 riarum,
525 1377 738 1459 atque
764 1363 1012 1459 inopia
1046 1377 1115 1432 et
1142 1361 1513 1459 pauperies
1558 1361 1860 1454 graviter
1901 1358 2325 1430 afflixerunt.

215 1480 339 1566 Qui
383 1480 577 1549 enim
613 1479 937 1575 perprius
980 1477 1412 1576 apostolica·
1462 1476 1893 1572 patrimonia
1933 1473 2336 1546 habuerant

214 1596 309 1664 vel
355 1619 598 1666 annua
647 1594 1049 1688 vectigalia,
1101 1595 1157 1664 si
1213 1595 1285 1663 in
1343 1593 1543 1663 terris
1598 1592 1800 1662 ducis
1851 1592 2335 1664 consistebant

213 1710 354 1805 (ubi
385 1726 591 1781 erant
637 1710 906 1804 majore
938 1734 1021 1779 ex
1055 1710 1343 1807 parte),
1388 1734 1554 1779 cum
1589 1706 1675 1778 ad
1713 1706 1962 1778 fiscum
1994 1709 2334 1807 principis
2411 1746 2418 1763 ·

214 1842 449 1898 cuncta
476 1827 815 1897 devoluta
846 1824 1116 1914 forent,
1152 1826 1331 1895 nihil
1358 1848 1651 1923 prorsus
1676 1823 1844 1894 inde
1869 1825 2331 1896 emolumenti

214 1940 681 2039 percipiebant
708 1969 725 2029 ;
763 1942 818 2011 si
853 1942 926 2011 in
956 1942 1254 2038 proprio
1284 1941 1678 2031 territoriO,
1711 1963 1872 2009 cum
1909 1942 2154 2012 omnia
2177 1967 2333 2039 quae

212 2061 275 2129 in
308 2062 483 2156 agris
520 2074 721 2130 erant
743 2115 761 2150 ,
798 2058 1074 2129 deserta
1107 2073 1170 2128 et
1200 2058 1525 2153 squalida
1544 2058 1860 2152 jacerent
1882 2113 1900 2148 ‚
1944 2059 2158 2127 etiam
2185 2061 2336 2129 nul-

199 2178 347 2248 lum
384 2178 819 2275 praediorum
844 2175 1158 2245 dominis
1193 2174 1588 2245 afferebant
1626 2174 1958 2245 solatium
2003 2176 2113 2244 vel
2147 2174 2330 2245 fruc-

218 2310 375 2364 tum.
426 2300 711 2388 ltaque,
754 2293 890 2362 nisi
934 2316 1016 2363 ex
1058 2308 1293 2361 vetere
1350 2290 1697 2361 industria
1752 2316 1835 2361 ac
1889 2293 2332 2389 parcimonia

216 2412 459 2507 aliquid
497 2410 634 2482 sibi
676 2424 1116 2481 reservarant
1164 2408 1399 2505 (quod
1432 2408 1805 2505 pauciores
1843 2432 2145 2478 numero
2187 2422 2330 2479 tam

216 2528 293 2598 de
320 2528 631 2619 civibus,
684 2550 901 2623 quam
948 2526 1039 2596 de
1082 2524 1567 2596 ecclesiasticis
1620 2523 1863 2595 fecisse
1917 2523 2281 2617 ferebant)
2308 2580 2325 2610 ‚

216 2670 640 2742 consequens
678 2660 869 2736 erat,
905 2668 1072 2713 curn
1098 2667 1395 2739 quaeque
1444 2642 1724 2713 venalia
1762 2642 1853 2713 ad
1895 2641 2193 2740 duplum
2220 2642 2328 2712 vel

217 2760 483 2856 triplum
527 2762 780 2831 assueti
840 2773 1131 2856 perante
1174 2758 1380 2855 pretii
1436 2758 1943 2847 excrevissent,
2007 2781 2140 2828 nec
2181 2782 2325 2827 non

214 2879 331 2947 nisi
363 2903 529 2948 cnm
558 2878 883 2947 maximis
917 2873 1457 2945 difficultatibus
1486 2890 1554 2944 et
1581 2871 1948 2945 laboribus
1973 2875 2212 2945 invehi
2244 2901 2326 2944 ex

215 3017 347 3063 uno
392 2995 550 3064 solo
598 2992 862 3087 angulo
912 3006 1202 3089 possent
1254 2993 1350 3085 (et
1399 2990 1542 3061 hoc
1593 3017 1758 3061 cum
1802 2992 2129 3089 pra‘sidio
2175 2995 2332 3091 plu-

213 3108 389 3177 rimae
420 3124 862 3179 armatorum
888 3104 1423 3201 multitudinis),
1469 3106 1692 3201 quod,
1732 3108 1852 3201 qui
1893 3105 2077 3176 benc
2113 3134 2328 3204 pecu-

212 3222 316 3293 lati
360 3249 507 3295 non
547 3238 785 3312 erant,
828 3223 1021 3317 gravi
1055 3238 1359 3315 egestate
1416 3238 1483 3291 et
1544 3224 1841 3319 penuria
1889 3224 2324 3293 laborarent.

216 3338 563 3410 Artificum
594 3362 761 3409 vero
800 3362 1055 3409 manus
1092 3338 1742 3431 numerositasque,
1786 3363 1942 3433 quae
1978 3341 2330 3409 anteriore

213 3457 450 3548 quietis
492 3480 577 3527 ac
624 3457 815 3553 pacis
844 3470 1166 3553 tempore
1204 3454 1291 3523 (le
1327 3456 1469 3524 suis
1498 3453 1811 3523 artificiis
1856 3470 2066 3550 atque
2097 3458 2330 3552 operis

212 3569 579 3641 honestum
633 3573 797 3641 satis
856 3586 919 3640 et
983 3572 1357 3666 copiosum
1415 3568 1546 3638 sibi
1601 3572 1868 3641 victum
1916 3573 2328 3667 suppedita-

214 3686 407 3779 bant,
460 3689 630 3783 quia
665 3689 1070 3757 necessariae
1117 3687 1216 3756 eis
1246 3686 1537 3755 deerant
1572 3711 1858 3756 suarum
1891 3690 2146 3757 artium
2187 3714 2331 3759 nia-

215 3803 424 3894 teria',
495 3828 708 3899 quas,
776 3805 903 3873 etsi
968 3804 1201 3873 forsan
1260 3802 1497 3872 adhuc
1556 3802 1866 3872 residuas
1935 3802 2278 3874 haberent
2305 3862 2322 3897 ‚

283 4024 337 4077 1.
382 4021 656 4077 L'auteui·
684 4042 741 4075 sc
772 4022 1044 4096 cznnptait
1074 4042 1203 4076 sans
1234 4021 1404 4074 ‹loutc
1439 4020 1617 4094 parmi
1647 4040 1741 4076 ces
1775 4041 2104 4097 personncs.

324 4155 335 4167 .
378 4113 580 4169 Matth.
613 4116 776 4169 iram.

328 4249 337 4257 .
384 4208 461 4262 Ce
488 4208 586 4281 qui
621 4207 725 4262 suit
758 4209 939 4262 forme
968 4226 1041 4262 un
1074 4220 1233 4262 autre
1262 4206 1516 4281 cluipitm
1548 4208 1688 4262 <lans
1723 4206 2038 4263 Mauhaeus.

282 4116 316 4356 crum

328 4344 338 4355 .
387 4306 577 4374 Lecon
615 4304 963 4379 impossible.
1008 4304 1284 4358 Sentit-c«-
1315 4308 1636 4376 apothetica
1657 4311 1686 4359 ε’
