3400 5417
1118 495 1342 563 mim
1379 489 1763 564 smmus.
2382 509 2409 565 ι
2422 499 2499 565 33

366 657 538 728 tem,
563 661 714 710 non
749 635 949 710 aliter
981 657 1200 734 quam
1230 635 1484 734 praedoe
1511 634 1646 708 sibi
1680 637 2076 735 expositam
2108 647 2321 734 atque
2348 661 2504 738 per·

368 751 656 828 missam
675 811 696 844 ,
731 761 1199 853 reputassent.

463 873 763 944 Eramus
814 868 948 969 ipsi
989 882 1164 940 tunc
1214 868 1290 940 in
1340 868 1654 962 civitate,
1697 891 1846 940 non
1898 869 2051 941 sine
2094 883 2316 942 metu.
2360 872 2503 958 Qui

367 1011 531 1060 cum
567 1001 716 1060 tam
745 999 1062 1059 atrocem
1090 997 1160 1056 et
1183 981 1658 1083 periculosam
1690 985 1990 1058 civitatis
2023 986 2503 1086 captivitatem

367 1117 512 1176 tam
552 1101 966 1175 humaniter
994 1100 1386 1199 procedere
1420 1101 1932 1200 inspiceremus
1966 1117 2039 1172 et
2066 1102 2497 1197 videremus,

373 1239 669 1316 magnas
733 1217 1119 1314 gratiarum
1187 1218 1504 1290 actiones
1567 1217 1886 1288 Domino
1963 1218 2504 1291 exsolvebamus

367 1333 563 1434 quod
611 1347 760 1408 tam
795 1332 1180 1406 clementer
1220 1357 1331 1405 res
1362 1349 1509 1404 tam
1557 1357 1741 1405 saeva
1784 1348 1996 1431 atque
2033 1333 2501 1408 formidabilis

366 1451 462 1523 sic
498 1453 920 1523 mitesceret.
951 1453 1199 1523 Statim
1222 1452 1416 1523 enim
1440 1465 1591 1524 erat
1617 1452 1859 1523 videre
1891 1453 2081 1523 cives
2102 1477 2252 1524 non
2280 1454 2503 1526 modo

367 1568 440 1639 in
474 1567 622 1640 suis
664 1565 1003 1639 domibus
1028 1624 1046 1661 ,
1085 1564 1212 1641 sed
1248 1581 1318 1639 et
1348 1593 1481 1667 per
1515 1567 1753 1641 forum
1786 1579 1856 1639 et
1885 1592 2015 1668 per
2049 1570 2319 1667 plateas
2351 1593 2504 1643 am-

367 1681 614 1756 bulare
649 1697 863 1781 atque
899 1707 1061 1754 suas
1099 1682 1545 1755 necessitates
1578 1707 2004 1782 procurare,
2052 1705 2276 1782 parvo
2308 1685 2502 1757 lineo

367 1797 755 1896 panniculo
777 1807 1058 1871 tantum
1091 1799 1279 1871 circa
1299 1797 1679 1871 brachium
1702 1801 2245 1872 circumvoluto.
2287 1803 2504 1888 Quod

368 1911 648 2009 signum
707 1937 840 1986 nec
892 1936 1119 2012 usque
1176 1914 1272 1986 ad
1317 1929 1604 1986 noctem
1649 1916 2089 2014 portandum
2143 1916 2306 2006 fuit3
2359 1917 2505 1989 fue-

369 2042 531 2102 runt
583 2031 779 2103 enim
843 2032 1080 2104 statim
1142 2043 1212 2102 et
1270 2033 1534 2129 rapina:
1600 2047 1671 2102 et
1727 2033 2081 2104 violentiae
2139 2032 2495 2106 cohibitae.

369 2153 877 2220 Verumtamen
929 2147 1022 2220 ad
1058 2163 1383 2246 sumptus
1427 2149 1560 2247 ipsi
1617 2149 2004 2220 domicello
2056 2164 2125 2220 et
2185 2151 2329 2220 suis
2374 2173 2502 2222 ne·

369 2265 706 2338 cessar-ios
742 2263 1102 2362 exquisitae
1137 2280 1302 2337 sunt
1338 2266 1659 2365 pecuniae
1693 2281 1849 2336 tum
1891 2263 1983 2337 ab
2025 2265 2137 2336 his
2187 2268 2312 2362 qui
2349 2290 2501 2339 rem

369 2377 680 2476 aliquam
735 2379 1002 2453 habere
1061 2379 1525 2478 putabantur,
1579 2397 1734 2452 tum
1790 2405 1833 2452 a
1882 2380 2313 2476 quibusdam
2368 2409 2500 2480 pro

371 2519 490 2567 sua
523 2495 1020 2596 redemptione
1055 2495 1164 2568 vel
1194 2496 1580 2570 domorum
1609 2519 1901 2568 suarum
1924 2553 1943 2590 ,
1978 2521 2070 2569 ne
2095 2499 2348 2595 praedae
2379 2524 2501 2571 ex-

371 2624 842 2709 ponerentur3
876 2613 969 2685 ab
995 2612 1148 2685 aliis
1164 2638 1337 2686 vero
1359 2614 1570 2685 etiam
1595 2614 1892 2686 nomine
1914 2613 2213 2684 civitatis
2239 2629 2502 2688 mutuae

372 2743 673 2827 acceptae
724 2745 889 2801 sunt
933 2730 1292 2828 pecuniae,
1354 2731 1684 2802 cautione
1730 2731 1830 2801 eis
1890 2729 2073 2800 facta
2118 2727 2207 2800 de
2263 2730 2502 2803 fienda

372 2847 837 2917 restitutione.
900 2845 1487 2919 Satissaciendum
1535 2847 1731 2917 enim
1784 2859 2171 2940 utcumque
2221 2861 2370 2916 erat
2412 2847 2501 2918 de

374 2959 726 3058 stipendio
751 2957 1092 3033 militibus
1117 2987 1242 3033 seu
1269 2961 1572 3033 rutheris
1597 2962 1721 3057 qui
1750 2959 1870 3030 illo
1898 2961 2389 3054 adventarant,
2425 2977 2501 3032 ut

374 3099 414 3146 a
443 3077 710 3174 rapinis
743 3087 812 3148 et
845 3077 1310 3175 amplioribus
1343 3075 1698 3148 violentiis
1732 3078 1976 3147 civitas
2009 3092 2428 3151 servaretur.

467 3192 723 3264 Audito
757 3219 927 3264 vero
966 3194 1059 3266 ab
1098 3193 1606 3282 HollandriniS,
1656 3195 1780 3289 qui
1830 3193 2205 3264 obsidione
2245 3195 2502 3265 castel—

374 3307 520 3378 lum
575 3309 1038 3380 Montisfortis
1087 3312 1487 3400 cinxerant,
1542 3309 1740 3406 quod
1807 3309 1906 3378 sic
1967 3333 2010 3379 a
2061 3309 2502 3381 Clivensibus

374 3423 768 3522 'trajectum
815 3427 1166 3524 irruptum
1215 3425 1493 3517 suisset,
1561 3425 1794 3496 statim
1842 3423 2071 3495 soluta
2128 3423 2501 3496 obsidione

377 3538 866 3614 discesserunt.

471 3658 612 3728 Sed
670 3683 709 3728 e
777 3658 1069 3752 vestigio
1124 3656 1622 3751 hujuscemodi
1687 3655 1984 3726 civitatis
2024 3657 2501 3753 captivitatem

379 3775 611 3845 multae
649 3773 889 3844 denuo
938 3788 1007 3843 et
1045 3797 1316 3867 magnae
1360 3771 1595 3844 eidem
1629 3773 1893 3843 civitati
1926 3773 2355 3843 calamitates
2396 3799 2502 3844 se·

382 3905 555 3961 cutae
596 3907 782 3962 suut.
831 3891 1144 3960 Primum
1181 3890 1331 3959 dira
1366 3890 1583 3959 sames
1623 3903 1688 3958 et
1730 3889 2053 3959 omnium
2092 3890 2503 3960 victualium

380 4008 658 4077 caristia
700 4031 982 4103 magna.
1029 4013 1356 4102 Coeperat
1396 4007 1588 4076 enim
1632 4007 2075 4102 aliquantum
2112 4010 2371 4078 remitti
2412 4011 2503 4078 de

384 4124 606 4218 pretio
659 4147 962 4192 annonae
1011 4137 1081 4190 et
1129 4137 1552 4191 cunctorum
1607 4123 2017 4193 victualium
2077 4122 2169 4193 ab
2215 4124 2335 4193 illo
2388 4125 2502 4194 die

383 4263 524 4332 quo
559 4239 837 4329 civitas,
873 4238 1246 4333 tyrannide
1280 4263 1601 4327 excussa,
1644 4263 1790 4310 sese
1826 4239 1958 4308 sub
1988 4239 2280 4332 legitimi
2316 4241 2503 4336 prin-
