3400 5417
1134 484 1592 543 PROOEMIUM.
2315 486 2423 542 241

311 611 544 704 fuer0,
579 613 720 686 hoc
757 616 990 712 ipsum
1027 615 1442 714 ignora[bi]t
1472 619 1714 689 anima
1745 641 1927 688 mea.
1962 618 2105 704 Qui
2133 617 2345 688 etiam
2374 616 2433 686 si

308 726 640 799 habuero
693 758 728 794 >2
768 731 865 800 ait
913 761 948 795 c<
985 731 1356 828 quidpiam
1395 733 1700 828 justum,
1742 755 1890 802 non
1937 730 2387 829 respondebo
2410 785 2430 821 ‚

311 843 441 915 sed
469 845 792 940 judicem
825 871 1068 917 meum
1104 847 1572 944 deprecabor.
1619 878 1652 912 ›>

411 964 562 1032 Hac
589 961 800 1054 igitur
829 961 1246 1033 humilitatis
1279 963 1577 1033 instituti
1612 961 1937 1034 doctrina
1958 977 2172 1058 atque
2203 987 2439 1035 exem-

315 1076 474 1172 plo,
514 1076 708 1174 apud
744 1077 1174 1168 Dominum,
1215 1078 1406 1173 apud
1449 1102 1666 1174 quem
1696 1077 2181 1149 misericordia
2210 1091 2282 1149 et
2307 1102 2441 1149 co-

313 1192 518 1286 piosa
575 1192 1005 1288 redemptio,
1075 1193 1291 1263 satius
1327 1193 1538 1287 longe
1593 1193 1923 1264 ducimus
1971 1219 2137 1264 cum
2187 1193 2442 1264 humili

315 1304 701 1400 publicano
761 1306 1318 1377 misericordiam
1372 1307 1747 1404 imprecari
1812 1321 1881 1378 et
1934 1307 2169 1378 dicere
2223 1309 2441 1379 corde

309 1422 595 1492 sincero
641 1449 656 1490 :
705 1453 737 1488 «
783 1427 1010 1513 DeuS,
1071 1424 1420 1521 propitius
1474 1438 1624 1494 esto
1677 1423 1856 1494 mihi
1880 1478 1899 1515 ‚
1962 1425 2359 1520 peccatori,
2403 1453 2439 1492 »ι

311 1563 536 1633 quam
591 1554 1147 1636 praesumptuose
1185 1564 1268 1610 ac
1318 1556 1580 1611 temere
1637 1538 1831 1637 apud
1884 1565 2050 1610 eum
2102 1541 2448 1612 innocen-

307 1651 486 1723 tiam
540 1679 846 1726 asserere
889 1657 1002 1726 vel
1052 1655 1433 1726 defendere
1479 1655 1682 1726 velle.
1739 1657 1955 1743 Quod
1991 1671 2141 1726 esto
2185 1656 2283 1727 ita
2314 1658 2440 1748 sit,

312 1784 554 1840 tamen
588 1772 830 1868 quoad
877 1773 1285 1844 mortalium
1333 1773 1713 1842 hominum
1759 1771 2110 1867 judicium
2157 1774 2440 1866 attinet,

311 1887 440 1978 qui
491 1912 734 1983 aequos
761 1902 832 1958 et
870 1888 1097 1982 justos
1127 1913 1201 1958 se
1237 1913 1472 1958 rerum
1507 1888 1965 1960 aestimatores
1999 1901 2213 1984 atque
2247 1887 2449 1958 arbi-

315 2015 462 2072 tros
489 2002 824 2074 exhibere
848 2004 1204 2104 voluerint
1221 2059 1239 2095 ‚
1273 2005 1346 2073 in
1377 2017 1691 2074 nostram
1717 2003 2157 2099 apologiam,
2188 2002 2447 2073 eodem

311 2117 641 2214 adjutore
676 2119 766 2189 de
797 2120 996 2214 cujus
1029 2133 1098 2190 et
1133 2121 1203 2188 in
1239 2120 1438 2213 cujus
1484 2119 1634 2189 sola
1668 2120 1891 2212 gratia
1922 2133 2134 2214 atque
2176 2117 2447 2187 miseri·

312 2234 562 2305 cordia
623 2259 987 2331 speramus
1055 2249 1124 2304 et
1188 2233 1651 2324 confidimus,
1708 2235 1875 2304 talia
1945 2232 2447 2303 subnectemus

313 2372 474 2441 quae
527 2373 658 2418 nos
708 2364 957 2420 contra
1015 2349 1493 2443 malignorum
1543 2373 1668 2418 seu
1720 2347 2282 2418 obtrectatorum
2338 2372 2448 2417 ca-

311 2462 624 2534 lumnias
660 2465 844 2559 juste
878 2489 961 2535 ac
995 2465 1506 2536 rationabiliter
1543 2479 1873 2536 tueantur
1905 2479 1977 2534 et
2011 2461 2400 2533 defendant
2416 2493 2437 2552 ;

315 2595 394 2649 ut
419 2581 694 2649 cunctis
725 2581 848 2676 qui
877 2581 1030 2650 haec
1057 2581 1284 2675 legere
1320 2596 1391 2650 et
1416 2580 1979 2652 animadvertere
2013 2579 2441 2666 curaverint,

311 2695 668 2789 liquidum
716 2694 835 2766 fiat
886 2722 1019 2767 nos
1071 2697 1563 2794 improborum
1613 2697 2212 2768 calumniatorum
2265 2696 2447 2766 dolis

310 2813 876 2902 circumventOS‚
916 2827 984 2882 et
1023 2814 1410 2910 impiorum
1461 2813 1813 2884 violentiis
1856 2827 1928 2883 et
1975 2812 2445 2907 injustissimis

309 2927 498 2999 odiis
532 2942 938 3024 persecutos
963 2928 1169 2999 fuisse
1203 2944 1273 2998 et
1304 2953 1702 3027 oppressos.

515 4325 587 4360 111
2046 4304 2073 4357 1
2086 4305 2120 4359 6

2643 1 2674 8 Ἴ
2679 3 2686 5 .
2689 1 2840 9 v—-v——-
