<?xml version="1.0" encoding="UTF-8"?>
<!DOCTYPE html PUBLIC "-//W3C//DTD XHTML 1.0 Transitional//EN"
    "http://www.w3.org/TR/xhtml1/DTD/xhtml1-transitional.dtd">
<html xmlns="http://www.w3.org/1999/xhtml" xml:lang="en" lang="en">
 <head>
  <title>
</title>
<meta http-equiv="Content-Type" content="text/html;charset=utf-8" />
  <meta name='ocr-system' content='tesseract 3.04.00' />
  <meta name='ocr-capabilities' content='ocr_page ocr_carea ocr_par ocr_line ocrx_word'/>
</head>
<body>
  <div class='ocr_page' id='page_1' title='image "./histoiredesrgne00unkngoog_0202.png"; bbox 0 0 3400 5417; ppageno 0'>
   <div class='ocr_carea' id='block_1_1' title="bbox 923 510 2519 582">
    <p class='ocr_par' dir='ltr' id='par_1_1' title="bbox 923 510 2519 582">
     <span class='ocr_line' id='line_1_1' title="bbox 923 510 2519 582; baseline -0.005 -6"><span class='ocrx_word' id='word_1_1' title='bbox 923 516 1037 576; x_wconf 62' lang='lat'><strong>¹3⁸</strong></span> <span class='ocrx_word' id='word_1_2' title='bbox 1467 511 1992 574; x_wconf 70' lang='lat' dir='ltr'><strong>msronumm</strong></span> <span class='ocrx_word' id='word_1_3' title='bbox 2032 510 2393 582; x_wconf 77' lang='lat' dir='ltr'><strong>Lumvlm</strong></span> <span class='ocrx_word' id='word_1_4' title='bbox 2431 512 2519 569; x_wconf 77' lang='lat' dir='ltr'><strong>XI</strong></span> 
     </span>
    </p>
   </div>
   <div class='ocr_carea' id='block_1_2' title="bbox 915 643 3071 4115">
    <p class='ocr_par' dir='ltr' id='par_1_2' title="bbox 919 643 3055 1064">
     <span class='ocr_line' id='line_1_2' title="bbox 919 643 3053 740; baseline 0 -24"><span class='ocrx_word' id='word_1_5' title='bbox 919 644 1370 717; x_wconf 90' lang='lat' dir='ltr'><strong>conditiones</strong></span> <span class='ocrx_word' id='word_1_6' title='bbox 1423 646 1742 740; x_wconf 83' lang='lat' dir='ltr'><strong>gratiosae</strong></span> <span class='ocrx_word' id='word_1_7' title='bbox 1803 644 2396 717; x_wconf 84' lang='lat' dir='ltr'><strong>concederentur.</strong></span> <span class='ocrx_word' id='word_1_8' title='bbox 2454 646 2543 713; x_wconf 88' lang='lat' dir='ltr'><strong>Et</strong></span> <span class='ocrx_word' id='word_1_9' title='bbox 2600 665 2723 715; x_wconf 85' lang='lat' dir='ltr'><strong>eas</strong></span> <span class='ocrx_word' id='word_1_10' title='bbox 2771 643 3053 739; x_wconf 87' lang='lat' dir='ltr'><strong>quidem</strong></span> 
     </span>
     <span class='ocr_line' id='line_1_3' title="bbox 919 756 3053 859; baseline 0 -27"><span class='ocrx_word' id='word_1_11' title='bbox 919 757 1510 832; x_wconf 88' lang='lat' dir='ltr'><strong>clementissimus</strong></span> <span class='ocrx_word' id='word_1_12' title='bbox 1575 761 1913 859; x_wconf 87' lang='lat' dir='ltr'><strong>princeps</strong></span> <span class='ocrx_word' id='word_1_13' title='bbox 1998 760 2392 853; x_wconf 80' lang='lat' dir='ltr'><strong>concessit3</strong></span> <span class='ocrx_word' id='word_1_14' title='bbox 2478 756 2742 854; x_wconf 87' lang='lat' dir='ltr'><strong>adjecit</strong></span> <span class='ocrx_word' id='word_1_15' title='bbox 2824 773 3053 832; x_wconf 87' lang='lat' dir='ltr'><strong>tamen</strong></span> 
     </span>
     <span class='ocr_line' id='line_1_4' title="bbox 920 875 3055 976; baseline 0 -27"><span class='ocrx_word' id='word_1_16' title='bbox 920 877 1158 972; x_wconf 86' lang='lat' dir='ltr'><strong>aliqua</strong></span> <span class='ocrx_word' id='word_1_17' title='bbox 1185 876 1372 948; x_wconf 87' lang='lat' dir='ltr'><strong>ultra</strong></span> <span class='ocrx_word' id='word_1_18' title='bbox 1405 875 1557 947; x_wconf 79' lang='lat' dir='ltr'><strong>haec</strong></span> <span class='ocrx_word' id='word_1_19' title='bbox 1575 932 1595 969; x_wconf 88' lang='lat'><strong><em>‚</em></strong></span> <span class='ocrx_word' id='word_1_20' title='bbox 1628 901 1787 972; x_wconf 87' lang='lat' dir='ltr'><strong>quae</strong></span> <span class='ocrx_word' id='word_1_21' title='bbox 1815 879 2003 950; x_wconf 85' lang='lat' dir='ltr'><strong>cives</strong></span> <span class='ocrx_word' id='word_1_22' title='bbox 2035 877 2349 976; x_wconf 83' lang='lat' dir='ltr'><strong>perferre</strong></span> <span class='ocrx_word' id='word_1_23' title='bbox 2381 899 2605 948; x_wconf 84' lang='lat' dir='ltr'><strong>onera</strong></span> <span class='ocrx_word' id='word_1_24' title='bbox 2634 899 2723 948; x_wconf 86' lang='lat' dir='ltr'><strong>ac</strong></span> <span class='ocrx_word' id='word_1_25' title='bbox 2762 876 3055 950; x_wconf 86' lang='lat' dir='ltr'><strong>tolerare</strong></span> 
     </span>
     <span class='ocr_line' id='line_1_5' title="bbox 923 992 2491 1064; baseline -0.004 -1"><span class='ocrx_word' id='word_1_26' title='bbox 923 992 1294 1064; x_wconf 88' lang='lat' dir='ltr'><strong>deberent.</strong></span> <span class='ocrx_word' id='word_1_27' title='bbox 2486 1011 2491 1018; x_wconf 89' lang='lat'><strong>·</strong></span> 
     </span>
    </p>

    <p class='ocr_par' dir='ltr' id='par_1_3' title="bbox 915 1106 3064 2228">
     <span class='ocr_line' id='line_1_6' title="bbox 1019 1106 3057 1197; baseline 0.001 -20"><span class='ocrx_word' id='word_1_28' title='bbox 1019 1113 1194 1197; x_wconf 85' lang='lat' dir='ltr'><strong>Quae</strong></span> <span class='ocrx_word' id='word_1_29' title='bbox 1241 1133 1408 1179; x_wconf 88' lang='lat' dir='ltr'><strong>cum</strong></span> <span class='ocrx_word' id='word_1_30' title='bbox 1450 1132 1600 1181; x_wconf 91' lang='lat' dir='ltr'><strong>non</strong></span> <span class='ocrx_word' id='word_1_31' title='bbox 1639 1107 1831 1181; x_wconf 87' lang='lat' dir='ltr'><strong>sactu</strong></span> <span class='ocrx_word' id='word_1_32' title='bbox 1876 1106 2195 1180; x_wconf 87' lang='lat' dir='ltr'><strong>difficilia</strong></span> <span class='ocrx_word' id='word_1_33' title='bbox 2238 1131 2373 1179; x_wconf 86' lang='lat' dir='ltr'><strong>nec</strong></span> <span class='ocrx_word' id='word_1_34' title='bbox 2412 1106 2596 1181; x_wconf 86' lang='lat' dir='ltr'><strong>dura</strong></span> <span class='ocrx_word' id='word_1_35' title='bbox 2628 1108 2931 1181; x_wconf 88' lang='lat' dir='ltr'><strong>nimium</strong></span> <span class='ocrx_word' id='word_1_36' title='bbox 2962 1108 3057 1180; x_wconf 90' lang='lat' dir='ltr'><strong>eis</strong></span> 
     </span>
     <span class='ocr_line' id='line_1_7' title="bbox 917 1225 3058 1326; baseline -0 -28"><span class='ocrx_word' id='word_1_37' title='bbox 917 1227 1353 1319; x_wconf 88' lang='lat' dir='ltr'><strong>viderentur,</strong></span> <span class='ocrx_word' id='word_1_38' title='bbox 1404 1249 1490 1298; x_wconf 88' lang='lat' dir='ltr'><strong>ea</strong></span> <span class='ocrx_word' id='word_1_39' title='bbox 1531 1251 1605 1300; x_wconf 90' lang='lat' dir='ltr'><strong>se</strong></span> <span class='ocrx_word' id='word_1_40' title='bbox 1651 1226 2074 1324; x_wconf 84' lang='lat' dir='ltr'><strong>impleturos</strong></span> <span class='ocrx_word' id='word_1_41' title='bbox 2118 1225 2666 1324; x_wconf 88' lang='lat' dir='ltr'><strong>spoponderunt</strong></span> <span class='ocrx_word' id='word_1_42' title='bbox 2689 1282 2713 1322; x_wconf 86' lang='lat'>,</span> <span class='ocrx_word' id='word_1_43' title='bbox 2749 1241 2825 1298; x_wconf 89' lang='lat' dir='ltr'><strong>et</strong></span> <span class='ocrx_word' id='word_1_44' title='bbox 2868 1229 3058 1326; x_wconf 84' lang='lat' dir='ltr'><strong>quasi</strong></span> 
     </span>
     <span class='ocr_line' id='line_1_8' title="bbox 917 1341 3059 1444; baseline -0.002 -27"><span class='ocrx_word' id='word_1_45' title='bbox 917 1369 1068 1418; x_wconf 87' lang='lat' dir='ltr'><strong>non</strong></span> <span class='ocrx_word' id='word_1_46' title='bbox 1139 1343 1585 1440; x_wconf 85' lang='lat' dir='ltr'><strong>ambigerent</strong></span> <span class='ocrx_word' id='word_1_47' title='bbox 1652 1342 1745 1419; x_wconf 91' lang='lat' dir='ltr'><strong>de</strong></span> <span class='ocrx_word' id='word_1_48' title='bbox 1809 1367 2166 1414; x_wconf 88' lang='lat' dir='ltr'><strong>consensu</strong></span> <span class='ocrx_word' id='word_1_49' title='bbox 2214 1341 2482 1416; x_wconf 85' lang='lat' dir='ltr'><strong>civium</strong></span> <span class='ocrx_word' id='word_1_50' title='bbox 2504 1397 2525 1439; x_wconf 80' lang='lat'>,</span> <span class='ocrx_word' id='word_1_51' title='bbox 2575 1367 2663 1414; x_wconf 88' lang='lat' dir='ltr'><strong>ea</strong></span> <span class='ocrx_word' id='word_1_52' title='bbox 2718 1342 3059 1444; x_wconf 87' lang='lat' dir='ltr'><strong>principi¹</strong></span> 
     </span>
     <span class='ocr_line' id='line_1_9' title="bbox 916 1454 3059 1558; baseline -0.001 -25"><span class='ocrx_word' id='word_1_53' title='bbox 916 1475 1328 1534; x_wconf 85' lang='lat' dir='ltr'><strong>annuerunt</strong></span> <span class='ocrx_word' id='word_1_54' title='bbox 1350 1513 1369 1549; x_wconf 86' lang='lat'><strong>,</strong></span> <span class='ocrx_word' id='word_1_55' title='bbox 1429 1485 1501 1530; x_wconf 89' lang='lat' dir='ltr'><strong>se</strong></span> <span class='ocrx_word' id='word_1_56' title='bbox 1533 1459 1754 1533; x_wconf 82' lang='lat' dir='ltr'><strong>vades</strong></span> <span class='ocrx_word' id='word_1_57' title='bbox 1790 1484 1915 1531; x_wconf 89' lang='lat' dir='ltr'><strong>seu</strong></span> <span class='ocrx_word' id='word_1_58' title='bbox 1948 1454 2236 1530; x_wconf 89' lang='lat' dir='ltr'><strong>obsides</strong></span> <span class='ocrx_word' id='word_1_59' title='bbox 2272 1472 2566 1558; x_wconf 87' lang='lat' dir='ltr'><strong>propter</strong></span> <span class='ocrx_word' id='word_1_60' title='bbox 2609 1457 2755 1530; x_wconf 91' lang='lat' dir='ltr'><strong>hoc</strong></span> <span class='ocrx_word' id='word_1_61' title='bbox 2804 1458 3059 1532; x_wconf 88' lang='lat' dir='ltr'><strong>consti-</strong></span> 
     </span>
     <span class='ocr_line' id='line_1_10' title="bbox 916 1571 3063 1673; baseline -0.003 -25"><span class='ocrx_word' id='word_1_62' title='bbox 916 1577 1216 1648; x_wconf 90' lang='lat' dir='ltr'><strong>tuend0.</strong></span> <span class='ocrx_word' id='word_1_63' title='bbox 1288 1573 1532 1649; x_wconf 89' lang='lat' dir='ltr'>Noluit</span> <span class='ocrx_word' id='word_1_64' title='bbox 1602 1591 1845 1648; x_wconf 87' lang='lat' dir='ltr'><strong>tamen</strong></span> <span class='ocrx_word' id='word_1_65' title='bbox 1908 1575 2060 1673; x_wconf 90' lang='lat' dir='ltr'><strong>ipse</strong></span> <span class='ocrx_word' id='word_1_66' title='bbox 2133 1573 2473 1646; x_wconf 88' lang='lat' dir='ltr'><strong>dominus</strong></span> <span class='ocrx_word' id='word_1_67' title='bbox 2560 1571 2653 1645; x_wconf 89' lang='lat' dir='ltr'><strong>de</strong></span> <span class='ocrx_word' id='word_1_68' title='bbox 2718 1576 3063 1672; x_wconf 78' lang='lat' dir='ltr'><strong>Montfort</strong></span> 
     </span>
     <span class='ocr_line' id='line_1_11' title="bbox 917 1686 3063 1789; baseline -0.001 -25"><span class='ocrx_word' id='word_1_69' title='bbox 917 1691 1209 1788; x_wconf 89' lang='lat' dir='ltr'><strong>adjectis</strong></span> <span class='ocrx_word' id='word_1_70' title='bbox 1251 1715 1381 1789; x_wconf 87' lang='lat' dir='ltr'><strong>per</strong></span> <span class='ocrx_word' id='word_1_71' title='bbox 1429 1690 1688 1761; x_wconf 89' lang='lat' dir='ltr'><strong>ducem</strong></span> <span class='ocrx_word' id='word_1_72' title='bbox 1734 1688 1929 1762; x_wconf 86' lang='lat' dir='ltr'><strong>hisce</strong></span> <span class='ocrx_word' id='word_1_73' title='bbox 1972 1687 2314 1762; x_wconf 88' lang='lat' dir='ltr'><strong>oneribus</strong></span> <span class='ocrx_word' id='word_1_74' title='bbox 2366 1686 2691 1760; x_wconf 90' lang='lat' dir='ltr'><strong>absolute</strong></span> <span class='ocrx_word' id='word_1_75' title='bbox 2737 1702 3063 1785; x_wconf 81' lang='lat' dir='ltr'><strong>praestare</strong></span> 
     </span>
     <span class='ocr_line' id='line_1_12' title="bbox 918 1805 3064 1900; baseline -0 -19"><span class='ocrx_word' id='word_1_76' title='bbox 918 1833 1286 1881; x_wconf 85' lang='lat' dir='ltr'>assensum</span> <span class='ocrx_word' id='word_1_77' title='bbox 1317 1864 1336 1900; x_wconf 91' lang='lat'>,</span> <span class='ocrx_word' id='word_1_78' title='bbox 1377 1807 1503 1878; x_wconf 89' lang='lat' dir='ltr'><strong>sed</strong></span> <span class='ocrx_word' id='word_1_79' title='bbox 1541 1806 1799 1879; x_wconf 85' lang='lat' dir='ltr'><strong>reverti</strong></span> <span class='ocrx_word' id='word_1_80' title='bbox 1850 1805 1944 1876; x_wconf 86' lang='lat' dir='ltr'><strong>ad</strong></span> <span class='ocrx_word' id='word_1_81' title='bbox 1996 1806 2353 1878; x_wconf 87' lang='lat' dir='ltr'><strong>civitatem</strong></span> <span class='ocrx_word' id='word_1_82' title='bbox 2400 1805 2628 1878; x_wconf 83' lang='lat' dir='ltr'><strong>voluit</strong></span> <span class='ocrx_word' id='word_1_83' title='bbox 2668 1820 2752 1875; x_wconf 88' lang='lat' dir='ltr'><strong>ut</strong></span> <span class='ocrx_word' id='word_1_84' title='bbox 2802 1805 3064 1880; x_wconf 80' lang='lat' dir='ltr'><strong>civium</strong></span> 
     </span>
     <span class='ocr_line' id='line_1_13' title="bbox 915 1920 3054 2020; baseline -0.001 -25"><span class='ocrx_word' id='word_1_85' title='bbox 915 1949 1129 2020; x_wconf 83' lang='lat' dir='ltr'><strong>super</strong></span> <span class='ocrx_word' id='word_1_86' title='bbox 1187 1922 1300 1994; x_wconf 90' lang='lat' dir='ltr'><strong>his</strong></span> <span class='ocrx_word' id='word_1_87' title='bbox 1345 1922 1727 1994; x_wconf 89' lang='lat' dir='ltr'><strong>consilium</strong></span> <span class='ocrx_word' id='word_1_88' title='bbox 1794 1935 2009 2019; x_wconf 87' lang='lat' dir='ltr'><strong>atque</strong></span> <span class='ocrx_word' id='word_1_89' title='bbox 2084 1944 2517 1994; x_wconf 89' lang='lat' dir='ltr'><strong>consensum</strong></span> <span class='ocrx_word' id='word_1_90' title='bbox 2583 1920 2990 2018; x_wconf 80' lang='lat' dir='ltr'>exquireret</span> <span class='ocrx_word' id='word_1_91' title='bbox 3036 1951 3054 1992; x_wconf 88' lang='lat'><strong>:</strong></span> 
     </span>
     <span class='ocr_line' id='line_1_14' title="bbox 918 2037 3060 2139; baseline 0.002 -29"><span class='ocrx_word' id='word_1_92' title='bbox 918 2039 1117 2138; x_wconf 90' lang='lat' dir='ltr'><strong>quod</strong></span> <span class='ocrx_word' id='word_1_93' title='bbox 1170 2040 1308 2111; x_wconf 92' lang='lat' dir='ltr'><strong>sibi</strong></span> <span class='ocrx_word' id='word_1_94' title='bbox 1356 2065 1444 2112; x_wconf 85' lang='lat' dir='ltr'><strong>ex</strong></span> <span class='ocrx_word' id='word_1_95' title='bbox 1498 2040 1805 2139; x_wconf 86' lang='lat' dir='ltr'><strong>praestita</strong></span> <span class='ocrx_word' id='word_1_96' title='bbox 1844 2037 1981 2111; x_wconf 91' lang='lat' dir='ltr'><strong>sibi</strong></span> <span class='ocrx_word' id='word_1_97' title='bbox 2030 2040 2204 2111; x_wconf 89' lang='lat' dir='ltr'><strong>salvi</strong></span> <span class='ocrx_word' id='word_1_98' title='bbox 2250 2039 2653 2111; x_wconf 84' lang='lat' dir='ltr'><strong>conductus</strong></span> <span class='ocrx_word' id='word_1_99' title='bbox 2684 2040 3060 2130; x_wconf 22' lang='lat' dir='ltr'><strong>‚securitate</strong></span> 
     </span>
     <span class='ocr_line' id='line_1_15' title="bbox 919 2155 1206 2228; baseline 0 -2"><span class='ocrx_word' id='word_1_100' title='bbox 919 2155 1206 2228; x_wconf 86' lang='lat' dir='ltr'><strong>licebat.</strong></span> 
     </span>
    </p>

    <p class='ocr_par' dir='ltr' id='par_1_4' title="bbox 919 2272 3071 3771">
     <span class='ocr_line' id='line_1_16' title="bbox 1017 2272 3065 2363; baseline 0.004 -21"><span class='ocrx_word' id='word_1_101' title='bbox 1017 2272 1408 2344; x_wconf 86' lang='lat' dir='ltr'><strong>Putabatur</strong></span> <span class='ocrx_word' id='word_1_102' title='bbox 1448 2289 1623 2346; x_wconf 89' lang='lat' dir='ltr'><strong>tunc</strong></span> <span class='ocrx_word' id='word_1_103' title='bbox 1664 2273 1887 2346; x_wconf 87' lang='lat' dir='ltr'><strong>ferme</strong></span> <span class='ocrx_word' id='word_1_104' title='bbox 1924 2297 1967 2345; x_wconf 88' lang='lat' dir='ltr'><strong>a</strong></span> <span class='ocrx_word' id='word_1_105' title='bbox 2010 2272 2327 2363; x_wconf 73' lang='lat' dir='ltr'><strong>cuncti3‚</strong></span> <span class='ocrx_word' id='word_1_106' title='bbox 2374 2287 2444 2344; x_wconf 86' lang='lat' dir='ltr'><strong>et</strong></span> <span class='ocrx_word' id='word_1_107' title='bbox 2488 2273 2589 2346; x_wconf 87' lang='lat' dir='ltr'><strong>ita</strong></span> <span class='ocrx_word' id='word_1_108' title='bbox 2634 2272 2827 2346; x_wconf 84' lang='lat' dir='ltr'><strong>fama</strong></span> <span class='ocrx_word' id='word_1_109' title='bbox 2873 2299 3065 2350; x_wconf 84' lang='lat' dir='ltr'><strong>com-</strong></span> 
     </span>
     <span class='ocr_line' id='line_1_17' title="bbox 919 2390 3063 2491; baseline 0.002 -29"><span class='ocrx_word' id='word_1_110' title='bbox 919 2392 1156 2462; x_wconf 86' lang='lat' dir='ltr'><strong>munis</strong></span> <span class='ocrx_word' id='word_1_111' title='bbox 1212 2391 1590 2480; x_wconf 76' lang='lat' dir='ltr'><strong>volitabat,</strong></span> <span class='ocrx_word' id='word_1_112' title='bbox 1645 2392 2092 2463; x_wconf 83' lang='lat' dir='ltr'><strong>deditionem</strong></span> <span class='ocrx_word' id='word_1_113' title='bbox 2155 2390 2456 2462; x_wconf 87' lang='lat' dir='ltr'><strong>civitatis</strong></span> <span class='ocrx_word' id='word_1_114' title='bbox 2516 2405 2588 2462; x_wconf 84' lang='lat' dir='ltr'><strong>et</strong></span> <span class='ocrx_word' id='word_1_115' title='bbox 2640 2415 2896 2491; x_wconf 85' lang='lat' dir='ltr'><strong>pacem</strong></span> <span class='ocrx_word' id='word_1_116' title='bbox 2954 2391 3063 2466; x_wconf 83' lang='lat' dir='ltr'><strong>fir-</strong></span> 
     </span>
     <span class='ocr_line' id='line_1_18' title="bbox 919 2505 3071 2605; baseline 0 -27"><span class='ocrx_word' id='word_1_117' title='bbox 919 2532 1111 2580; x_wconf 86' lang='lat' dir='ltr'><strong>mam</strong></span> <span class='ocrx_word' id='word_1_118' title='bbox 1147 2509 1404 2580; x_wconf 80' lang='lat' dir='ltr'><strong>factam</strong></span> <span class='ocrx_word' id='word_1_119' title='bbox 1426 2533 1599 2579; x_wconf 90' lang='lat' dir='ltr'><strong>esse.</strong></span> <span class='ocrx_word' id='word_1_120' title='bbox 1633 2507 1772 2579; x_wconf 89' lang='lat' dir='ltr'><strong>Sed</strong></span> <span class='ocrx_word' id='word_1_121' title='bbox 1806 2532 1974 2579; x_wconf 90' lang='lat' dir='ltr'><strong>cum</strong></span> <span class='ocrx_word' id='word_1_122' title='bbox 2003 2506 2198 2578; x_wconf 91' lang='lat' dir='ltr'><strong>idem</strong></span> <span class='ocrx_word' id='word_1_123' title='bbox 2230 2505 2571 2578; x_wconf 89' lang='lat' dir='ltr'><strong>dominus</strong></span> <span class='ocrx_word' id='word_1_124' title='bbox 2592 2505 2684 2579; x_wconf 94' lang='lat' dir='ltr'><strong>de</strong></span> <span class='ocrx_word' id='word_1_125' title='bbox 2716 2511 3071 2605; x_wconf 82' lang='lat' dir='ltr'><strong>Montfort</strong></span> 
     </span>
     <span class='ocr_line' id='line_1_19' title="bbox 920 2622 3065 2726; baseline 0.002 -34"><span class='ocrx_word' id='word_1_126' title='bbox 920 2625 1278 2695; x_wconf 76' lang='lat' dir='ltr'><strong>civitatem</strong></span> <span class='ocrx_word' id='word_1_127' title='bbox 1314 2625 1554 2694; x_wconf 87' lang='lat' dir='ltr'><strong>suisset</strong></span> <span class='ocrx_word' id='word_1_128' title='bbox 1592 2626 1982 2718; x_wconf 79' lang='lat' dir='ltr'><strong>ingressu5‚</strong></span> <span class='ocrx_word' id='word_1_129' title='bbox 2020 2625 2258 2696; x_wconf 86' lang='lat' dir='ltr'><strong>statim</strong></span> <span class='ocrx_word' id='word_1_130' title='bbox 2292 2648 2376 2694; x_wconf 85' lang='lat' dir='ltr'><strong>ex</strong></span> <span class='ocrx_word' id='word_1_131' title='bbox 2406 2622 2757 2723; x_wconf 82' lang='lat' dir='ltr'><strong>abrupte,</strong></span> <span class='ocrx_word' id='word_1_132' title='bbox 2796 2623 3065 2726; x_wconf 82' lang='lat' dir='ltr'><strong>absque</strong></span> 
     </span>
     <span class='ocr_line' id='line_1_20' title="bbox 921 2738 3066 2840; baseline 0.004 -32"><span class='ocrx_word' id='word_1_133' title='bbox 921 2739 1263 2811; x_wconf 83' lang='lat' dir='ltr'><strong>mandato</strong></span> <span class='ocrx_word' id='word_1_134' title='bbox 1297 2753 1367 2809; x_wconf 87' lang='lat' dir='ltr'><strong>et</strong></span> <span class='ocrx_word' id='word_1_135' title='bbox 1402 2738 1858 2810; x_wconf 89' lang='lat' dir='ltr'><strong>ordinatione</strong></span> <span class='ocrx_word' id='word_1_136' title='bbox 1894 2738 2097 2810; x_wconf 89' lang='lat' dir='ltr'><strong>ducis</strong></span> <span class='ocrx_word' id='word_1_137' title='bbox 2118 2796 2136 2831; x_wconf 88' lang='lat'>‚</span> <span class='ocrx_word' id='word_1_138' title='bbox 2177 2743 2247 2810; x_wconf 91' lang='lat' dir='ltr'><strong>in</strong></span> <span class='ocrx_word' id='word_1_139' title='bbox 2285 2766 2370 2812; x_wconf 91' lang='lat' dir='ltr'><strong>ea</strong></span> <span class='ocrx_word' id='word_1_140' title='bbox 2401 2756 2604 2838; x_wconf 87' lang='lat' dir='ltr'><strong>parte</strong></span> <span class='ocrx_word' id='word_1_141' title='bbox 2640 2765 2789 2840; x_wconf 87' lang='lat' dir='ltr'><strong>qua</strong></span> <span class='ocrx_word' id='word_1_142' title='bbox 2818 2741 3066 2816; x_wconf 83' lang='lat' dir='ltr'><strong>effrac-</strong></span> 
     </span>
     <span class='ocr_line' id='line_1_21' title="bbox 923 2856 3065 2946; baseline 0.004 -22"><span class='ocrx_word' id='word_1_143' title='bbox 923 2869 1031 2930; x_wconf 84' lang='lat' dir='ltr'><strong>tus</strong></span> <span class='ocrx_word' id='word_1_144' title='bbox 1083 2856 1305 2926; x_wconf 71' lang='lat' dir='ltr'><strong>suerat</strong></span> <span class='ocrx_word' id='word_1_145' title='bbox 1364 2880 1648 2946; x_wconf 82' lang='lat' dir='ltr'><strong>murus,</strong></span> <span class='ocrx_word' id='word_1_146' title='bbox 1713 2856 1969 2926; x_wconf 84' lang='lat' dir='ltr'><strong>milites</strong></span> <span class='ocrx_word' id='word_1_147' title='bbox 2028 2857 2201 2926; x_wconf 87' lang='lat' dir='ltr'><strong>certi</strong></span> <span class='ocrx_word' id='word_1_148' title='bbox 2247 2883 2333 2926; x_wconf 83' lang='lat' dir='ltr'><strong>ex</strong></span> <span class='ocrx_word' id='word_1_149' title='bbox 2390 2859 2534 2928; x_wconf 89' lang='lat' dir='ltr'><strong>suis</strong></span> <span class='ocrx_word' id='word_1_150' title='bbox 2583 2858 2931 2930; x_wconf 89' lang='lat' dir='ltr'><strong>insultum</strong></span> <span class='ocrx_word' id='word_1_151' title='bbox 2978 2858 3065 2932; x_wconf 89' lang='lat' dir='ltr'><strong>ad</strong></span> 
     </span>
     <span class='ocr_line' id='line_1_22' title="bbox 921 2970 3066 3060; baseline 0.002 -20"><span class='ocrx_word' id='word_1_152' title='bbox 921 2971 1278 3040; x_wconf 79' lang='lat' dir='ltr'><strong>civitatem</strong></span> <span class='ocrx_word' id='word_1_153' title='bbox 1331 2971 1559 3042; x_wconf 85' lang='lat' dir='ltr'><strong>facere</strong></span> <span class='ocrx_word' id='word_1_154' title='bbox 1608 2970 2063 3042; x_wconf 89' lang='lat' dir='ltr'><strong>inchoarunt.</strong></span> <span class='ocrx_word' id='word_1_155' title='bbox 2132 2972 2411 3060; x_wconf 88' lang='lat' dir='ltr'><strong>Quibus</strong></span> <span class='ocrx_word' id='word_1_156' title='bbox 2464 2999 2633 3044; x_wconf 91' lang='lat' dir='ltr'><strong>cum</strong></span> <span class='ocrx_word' id='word_1_157' title='bbox 2696 2999 2739 3044; x_wconf 88' lang='lat' dir='ltr'><strong>a</strong></span> <span class='ocrx_word' id='word_1_158' title='bbox 2794 2974 3066 3047; x_wconf 88' lang='lat' dir='ltr'><strong>civibus</strong></span> 
     </span>
     <span class='ocr_line' id='line_1_23' title="bbox 920 3087 3059 3186; baseline 0.004 -30"><span class='ocrx_word' id='word_1_159' title='bbox 920 3101 990 3156; x_wconf 89' lang='lat' dir='ltr'><strong>et</strong></span> <span class='ocrx_word' id='word_1_160' title='bbox 1024 3087 1364 3177; x_wconf 79' lang='lat' dir='ltr'><strong>rutheri5‚</strong></span> <span class='ocrx_word' id='word_1_161' title='bbox 1402 3088 1524 3184; x_wconf 83' lang='lat' dir='ltr'><strong>qui</strong></span> <span class='ocrx_word' id='word_1_162' title='bbox 1552 3089 1743 3159; x_wconf 84' lang='lat' dir='ltr'><strong>intro</strong></span> <span class='ocrx_word' id='word_1_163' title='bbox 1770 3102 2004 3178; x_wconf 84' lang='lat' dir='ltr'><strong>erant,</strong></span> <span class='ocrx_word' id='word_1_164' title='bbox 2042 3089 2436 3160; x_wconf 84' lang='lat' dir='ltr'><strong>resistentia</strong></span> <span class='ocrx_word' id='word_1_165' title='bbox 2464 3089 2747 3186; x_wconf 88' lang='lat' dir='ltr'><strong>objecta</strong></span> <span class='ocrx_word' id='word_1_166' title='bbox 2784 3091 3059 3180; x_wconf 85' lang='lat' dir='ltr'><strong>fuisset,</strong></span> 
     </span>
     <span class='ocr_line' id='line_1_24' title="bbox 919 3205 3061 3301; baseline 0.005 -27"><span class='ocrx_word' id='word_1_167' title='bbox 919 3219 990 3274; x_wconf 90' lang='lat' dir='ltr'><strong>et</strong></span> <span class='ocrx_word' id='word_1_168' title='bbox 1036 3230 1145 3274; x_wconf 89' lang='lat' dir='ltr'><strong>res</strong></span> <span class='ocrx_word' id='word_1_169' title='bbox 1207 3205 1703 3301; x_wconf 82' lang='lat' dir='ltr'><strong>hujuscemodi</strong></span> <span class='ocrx_word' id='word_1_170' title='bbox 1763 3219 2027 3274; x_wconf 85' lang='lat' dir='ltr'><strong>temere</strong></span> <span class='ocrx_word' id='word_1_171' title='bbox 2081 3220 2421 3278; x_wconf 88' lang='lat' dir='ltr'><strong>attentata</strong></span> <span class='ocrx_word' id='word_1_172' title='bbox 2476 3206 2568 3278; x_wconf 86' lang='lat' dir='ltr'><strong>ad</strong></span> <span class='ocrx_word' id='word_1_173' title='bbox 2620 3207 2825 3280; x_wconf 87' lang='lat' dir='ltr'><strong>ducis</strong></span> <span class='ocrx_word' id='word_1_174' title='bbox 2880 3211 3061 3284; x_wconf 84' lang='lat' dir='ltr'><strong>noti·</strong></span> 
     </span>
     <span class='ocr_line' id='line_1_25' title="bbox 922 3320 3061 3422; baseline 0.006 -33"><span class='ocrx_word' id='word_1_175' title='bbox 922 3321 1094 3392; x_wconf 89' lang='lat' dir='ltr'><strong>tiam</strong></span> <span class='ocrx_word' id='word_1_176' title='bbox 1141 3323 1446 3418; x_wconf 72' lang='lat' dir='ltr'><strong>perlata,</strong></span> <span class='ocrx_word' id='word_1_177' title='bbox 1507 3321 1599 3393; x_wconf 89' lang='lat' dir='ltr'><strong>ad</strong></span> <span class='ocrx_word' id='word_1_178' title='bbox 1655 3320 2194 3419; x_wconf 77' lang='lat' dir='ltr'><strong>prohibendiun</strong></span> <span class='ocrx_word' id='word_1_179' title='bbox 2246 3323 2588 3394; x_wconf 84' lang='lat' dir='ltr'><strong>insultum</strong></span> <span class='ocrx_word' id='word_1_180' title='bbox 2632 3325 2782 3422; x_wconf 87' lang='lat' dir='ltr'><strong>ipse</strong></span> <span class='ocrx_word' id='word_1_181' title='bbox 2828 3329 3061 3402; x_wconf 83' lang='lat' dir='ltr'><strong>statim</strong></span> 
     </span>
     <span class='ocr_line' id='line_1_26' title="bbox 921 3433 3062 3542; baseline 0.004 -35"><span class='ocrx_word' id='word_1_182' title='bbox 921 3439 1225 3508; x_wconf 74' lang='lat' dir='ltr'><strong>accurrit</strong></span> <span class='ocrx_word' id='word_1_183' title='bbox 1281 3439 1626 3533; x_wconf 84' lang='lat' dir='ltr'><strong>jussitque</strong></span> <span class='ocrx_word' id='word_1_184' title='bbox 1681 3438 1941 3508; x_wconf 85' lang='lat' dir='ltr'><strong>milites</strong></span> <span class='ocrx_word' id='word_1_185' title='bbox 2006 3433 2099 3508; x_wconf 90' lang='lat' dir='ltr'><strong>ab</strong></span> <span class='ocrx_word' id='word_1_186' title='bbox 2162 3439 2452 3536; x_wconf 89' lang='lat' dir='ltr'><strong>incepto</strong></span> <span class='ocrx_word' id='word_1_187' title='bbox 2515 3465 2789 3514; x_wconf 91' lang='lat' dir='ltr'><strong>cessare</strong></span> <span class='ocrx_word' id='word_1_188' title='bbox 2852 3458 3062 3542; x_wconf 85' lang='lat' dir='ltr'><strong>atque</strong></span> 
     </span>
     <span class='ocr_line' id='line_1_27' title="bbox 921 3554 3063 3660; baseline 0.006 -38"><span class='ocrx_word' id='word_1_189' title='bbox 921 3554 1310 3624; x_wconf 80' lang='lat' dir='ltr'><strong>discedere.</strong></span> <span class='ocrx_word' id='word_1_190' title='bbox 1387 3560 1624 3624; x_wconf 83' lang='lat' dir='ltr'><strong>Unum</strong></span> <span class='ocrx_word' id='word_1_191' title='bbox 1699 3579 1990 3650; x_wconf 80' lang='lat' dir='ltr'><strong>quoque</strong></span> <span class='ocrx_word' id='word_1_192' title='bbox 2060 3571 2183 3625; x_wconf 85' lang='lat' dir='ltr'><strong>aut</strong></span> <span class='ocrx_word' id='word_1_193' title='bbox 2237 3557 2422 3628; x_wconf 88' lang='lat' dir='ltr'><strong>duos</strong></span> <span class='ocrx_word' id='word_1_194' title='bbox 2489 3583 2711 3632; x_wconf 88' lang='lat' dir='ltr'><strong>manu</strong></span> <span class='ocrx_word' id='word_1_195' title='bbox 2770 3564 3063 3660; x_wconf 87' lang='lat' dir='ltr'><strong>propria</strong></span> 
     </span>
     <span class='ocr_line' id='line_1_28' title="bbox 925 3670 3053 3771; baseline 0.003 -31"><span class='ocrx_word' id='word_1_196' title='bbox 925 3673 1300 3766; x_wconf 82' lang='lat' dir='ltr'><strong>peremisse</strong></span> <span class='ocrx_word' id='word_1_197' title='bbox 1337 3670 1719 3763; x_wconf 78' lang='lat' dir='ltr'><strong>serebatur,</strong></span> <span class='ocrx_word' id='word_1_198' title='bbox 1755 3687 1824 3741; x_wconf 88' lang='lat' dir='ltr'><strong>et</strong></span> <span class='ocrx_word' id='word_1_199' title='bbox 1862 3672 2160 3743; x_wconf 76' lang='lat' dir='ltr'><strong>totidem</strong></span> <span class='ocrx_word' id='word_1_200' title='bbox 2195 3673 2519 3770; x_wconf 87' lang='lat' dir='ltr'><strong>patibulo</strong></span> <span class='ocrx_word' id='word_1_201' title='bbox 2554 3675 2743 3771; x_wconf 84' lang='lat' dir='ltr'><strong>affigi</strong></span> <span class='ocrx_word' id='word_1_202' title='bbox 2784 3679 3053 3751; x_wconf 85' lang='lat' dir='ltr'><strong>secisse.</strong></span> 
     </span>
    </p>

    <p class='ocr_par' dir='ltr' id='par_1_5' title="bbox 921 3786 3062 4115">
     <span class='ocr_line' id='line_1_29' title="bbox 1021 3786 3061 3885; baseline 0.005 -29"><span class='ocrx_word' id='word_1_203' title='bbox 1021 3786 1158 3856; x_wconf 87' lang='lat' dir='ltr'><strong>Sed</strong></span> <span class='ocrx_word' id='word_1_204' title='bbox 1218 3786 1684 3858; x_wconf 84' lang='lat' dir='ltr'><strong>nihilominus</strong></span> <span class='ocrx_word' id='word_1_205' title='bbox 1744 3813 1827 3857; x_wconf 74' lang='lat' dir='ltr'><strong>ex</strong></span> <span class='ocrx_word' id='word_1_206' title='bbox 1873 3787 2051 3874; x_wconf 84' lang='lat' dir='ltr'><strong>hoc,</strong></span> <span class='ocrx_word' id='word_1_207' title='bbox 2105 3815 2262 3885; x_wconf 82' lang='lat' dir='ltr'><strong>quae</strong></span> <span class='ocrx_word' id='word_1_208' title='bbox 2316 3791 2499 3862; x_wconf 88' lang='lat' dir='ltr'><strong>sacta</strong></span> <span class='ocrx_word' id='word_1_209' title='bbox 2560 3791 2768 3864; x_wconf 80' lang='lat' dir='ltr'><strong>fuisse</strong></span> <span class='ocrx_word' id='word_1_210' title='bbox 2816 3794 3061 3866; x_wconf 86' lang='lat' dir='ltr'><strong>crede·</strong></span> 
     </span>
     <span class='ocr_line' id='line_1_30' title="bbox 921 3901 3061 4004; baseline 0.004 -33"><span class='ocrx_word' id='word_1_211' title='bbox 921 3901 1172 3989; x_wconf 79' lang='lat' dir='ltr'><strong>batur,</strong></span> <span class='ocrx_word' id='word_1_212' title='bbox 1245 3929 1380 4000; x_wconf 85' lang='lat' dir='ltr'><strong>pax</strong></span> <span class='ocrx_word' id='word_1_213' title='bbox 1437 3902 1620 3975; x_wconf 89' lang='lat' dir='ltr'><strong>adeo</strong></span> <span class='ocrx_word' id='word_1_214' title='bbox 1683 3903 1968 3976; x_wconf 76' lang='lat' dir='ltr'><strong>tui-bata</strong></span> <span class='ocrx_word' id='word_1_215' title='bbox 2030 3903 2191 3993; x_wconf 86' lang='lat' dir='ltr'><strong>suit,</strong></span> <span class='ocrx_word' id='word_1_216' title='bbox 2258 3908 2547 4004; x_wconf 74' lang='lat' dir='ltr'><strong>praefato</strong></span> <span class='ocrx_word' id='word_1_217' title='bbox 2608 3908 2911 3981; x_wconf 88' lang='lat' dir='ltr'><strong>domino</strong></span> <span class='ocrx_word' id='word_1_218' title='bbox 2974 3909 3061 3980; x_wconf 86' lang='lat' dir='ltr'><strong>de</strong></span> 
     </span>
     <span class='ocr_line' id='line_1_31' title="bbox 924 4020 3062 4115; baseline 0.005 -28"><span class='ocrx_word' id='word_1_219' title='bbox 924 4021 1280 4115; x_wconf 79' lang='lat' dir='ltr'><strong>Montfort</strong></span> <span class='ocrx_word' id='word_1_220' title='bbox 1311 4020 1604 4090; x_wconf 91' lang='lat' dir='ltr'><strong>minime</strong></span> <span class='ocrx_word' id='word_1_221' title='bbox 1633 4021 1724 4092; x_wconf 86' lang='lat' dir='ltr'><strong>ad</strong></span> <span class='ocrx_word' id='word_1_222' title='bbox 1754 4021 2013 4092; x_wconf 88' lang='lat' dir='ltr'><strong>ducem</strong></span> <span class='ocrx_word' id='word_1_223' title='bbox 2040 4037 2433 4095; x_wconf 86' lang='lat' dir='ltr'><strong>revertente</strong></span> <span class='ocrx_word' id='word_1_224' title='bbox 2454 4077 2473 4113; x_wconf 90' lang='lat'>,</span> <span class='ocrx_word' id='word_1_225' title='bbox 2512 4023 2637 4096; x_wconf 89' lang='lat' dir='ltr'><strong>sed</strong></span> <span class='ocrx_word' id='word_1_226' title='bbox 2676 4025 2749 4096; x_wconf 91' lang='lat' dir='ltr'><strong>in</strong></span> <span class='ocrx_word' id='word_1_227' title='bbox 2778 4025 3062 4099; x_wconf 84' lang='lat' dir='ltr'><strong>civitate</strong></span> 
     </span>
    </p>
   </div>
   <div class='ocr_carea' id='block_1_3' title="bbox 1002 4254 1557 4326">
    <p class='ocr_par' dir='ltr' id='par_1_6' title="bbox 1002 4254 1557 4326">
     <span class='ocr_line' id='line_1_32' title="bbox 1002 4254 1557 4326; baseline 0.005 -20"><span class='ocrx_word' id='word_1_228' title='bbox 1002 4254 1029 4306; x_wconf 77' lang='lat'><strong>1</strong></span> <span class='ocrx_word' id='word_1_229' title='bbox 1043 4294 1060 4311; x_wconf 87' lang='lat'><strong>.</strong></span> <span class='ocrx_word' id='word_1_230' title='bbox 1109 4255 1215 4310; x_wconf 76' lang='lat' dir='ltr'><strong>MS.</strong></span> <span class='ocrx_word' id='word_1_231' title='bbox 1241 4258 1557 4326; x_wconf 78' lang='lat' dir='ltr'><strong>principia.</strong></span> 
     </span>
    </p>
   </div>
  </div>
 </body>
</html>
