3400 5417
969 527 1045 583 86
1512 521 2023 577 HISTORIARUM
2063 518 2417 577 LUDOVICI
2453 518 2541 573 XI

970 685 1130 757 gere
1158 673 1228 731 et
1260 683 1333 730 se
1366 655 1826 729 reconciliare
1860 652 2030 724 duci
2071 653 2354 724 Austriae
2380 707 2399 743 ,
2441 649 2915 745 eumdemque
2949 646 3094 717 sibi

968 774 1392 873 placabilem
1418 771 1697 844 efficere
1731 769 2142 868 cupiebant.

1625 1048 2136 1119 CAPITULUM
2185 1048 2431 1114 XXIII.

968 1250 1258 1319 Quomodo
1302 1251 1663 1321 Trajectenm
1681 1289 1696 1314 ,
1744 1249 2017 1320 cupientes
2059 1245 2390 1300 reconciliari
2437 1263 2536 1298 suo
2585 1243 2829 1316 pontifici
2871 1250 2928 1299 et
2973 1243 3102 1298 duci

1040 1338 1282 1405 Austriae,
1298 1347 1628 1390 tentaverunt
1650 1335 1844 1405 pellere
1866 1332 2073 1386 civitate
2093 1330 2370 1385 dominum
2394 1328 2460 1383 de
2481 1331 2730 1398 Momson
2744 1341 2798 1383 et
2817 1329 3068 1391 bannitus
3086 1352 3100 1395 ;

1038 1420 1186 1493 quod
1215 1421 1430 1473 minime
1458 1419 1667 1471 efficere
1689 1430 1996 1490 potuerunt.

1072 1580 1365 1651 Verum¹
1407 1577 1597 1648 enim
1626 1599 1796 1648 cum
1839 1575 2005 1647 satis
2040 1574 2634 1646 animadverteret
2691 1572 2924 1642 dictus
2980 1571 3107 1640 do-

975 1697 1211 1767 minus
1259 1693 1350 1765 de
1405 1692 1813 1764 Monteforti
1835 1748 1852 1783 ‚
1901 1692 1958 1762 si
2013 1691 2592 1789 repropitiaretur
2650 1690 2915 1761 civitati
2962 1688 3106 1759 dux

977 1812 1259 1882 Austriae
1278 1865 1297 1900 ,
1350 1832 1423 1878 se
1468 1806 1561 1879 ab
1600 1832 1684 1879 ea
1727 1807 2219 1905 repellendum
2267 1806 2417 1877 fore
2464 1831 2630 1877 cum
2663 1805 2930 1876 caeteris
2967 1828 3108 1875 suae

981 1925 1333 2011 factionis,
1370 1922 1736 2019 potissime
1796 1921 2116 1993 bannitis
2144 1921 2234 1992 de
2281 1920 2662 1992 Hollandia
2682 1977 2701 2012 ‚
2733 1944 2916 2016 quos
2959 1944 3112 1990 om-

984 2044 1159 2113 nino
1192 2039 1335 2110 (lux
1372 2039 1655 2109 Austriae
1688 2038 1938 2135 expelli
1987 2035 2310 2129 volebat,
2347 2038 2530 2108 clam
2561 2036 2868 2135 acceptis
2900 2037 3114 2107 certis

984 2156 1324 2228 rutheris'
1355 2154 1608 2252 (parvo
1647 2168 1885 2225 tamen
1934 2177 2276 2241 numero,
2330 2167 2408 2222 ut
2463 2166 2630 2249 pote
2699 2152 2944 2246 viginti
2995 2165 3116 2223 aut

986 2272 1333 2367 triginta),
1399 2294 1548 2342 sese
1606 2285 1859 2340 contra
1921 2266 2417 2362 hujuscemodi
2469 2294 2610 2339 suae
2673 2266 3118 2364 depulsionis

989 2390 1385 2487 periculum
1417 2386 1914 2460 communivit.
1951 2384 2287 2472 Quodam
2314 2387 2526 2481 igitur
2545 2386 2698 2475 die,
2732 2409 2927 2456 anno
2971 2389 3120 2455 Do-

991 2503 1167 2572 mini
1198 2524 1664 2591 Mccchxxx1,
1687 2525 1930 2571 mense
1966 2514 2292 2595 august0‚
2318 2516 2458 2570 tres
2489 2514 2613 2571 aut
2634 2513 2948 2595 quatuor
2973 2499 3122 2569 dies

992 2634 1154 2691 ante
1186 2619 1439 2690 festum
1457 2616 1646 2687 beati
1666 2618 2079 2708 Laurentii³,
2110 2642 2275 2687 cum
2299 2618 2535 2713 jussus
2556 2631 2738 2687 esset
2763 2618 3120 2690 civitatem

996 2736 1181 2806 exire
1221 2736 1368 2831 ipse
1398 2732 1736 2803 dominus
1769 2730 1858 2802 de
1893 2733 2300 2806 Monteforti
2333 2758 2494 2805 cum
2522 2734 2690 2824 suiS,
2729 2748 2799 2803 et
2824 2733 3124 2803 minime

998 2875 1243 2949 parere
1270 2849 1517 2939 vellet,
1550 2849 1956 2944 gravissima
1993 2863 2096 2919 est
2121 2865 2366 2921 exorta
2399 2848 2650 2921 seditio
2685 2849 2871 2920 inter
2903 2850 3115 2922 cives.

1001 2967 1336 3039 Videntes
1388 2966 1578 3037 enim
1657 2964 2156 3062 locupletiores
2224 2982 2293 3037 et
2360 2968 2797 3065 potentiores
2852 2992 3009 3039 sese
3060 2982 3126 3038 et

1012 3084 1334 3156 concives
1369 3106 1535 3153 suos
1568 3082 2014 3153 commerciis
2047 3097 2115 3153 et
2148 3081 2981 3180 confrequentationibus
3011 3108 3128 3155 ea-

1086 3320 1141 3372 1.
1196 3316 1269 3371 Ut
1296 3313 1438 3369 dans
1466 3311 1520 3367 le
1554 3330 1662 3367 ms.

1088 3412 1146 3464 2.
1193 3406 1493 3465 Matthaeus
1534 3406 1633 3462 fait
1678 3422 2011 3480 remarquer
2067 3422 2211 3461 avec
2267 3405 2453 3461 raison
2500 3406 2677 3481 qu'on
2734 3424 2808 3461 ne
2851 3419 2992 3482 peut
3037 3426 3134 3483 pas

1008 3500 1291 3557 souscrire
1339 3502 1371 3555 a
1417 3497 1694 3575 l'opinion
1746 3496 1817 3553 (16
1869 3500 1960 3553 Du
2002 3497 2193 3573 Gange
2228 3496 2326 3571 qui
2364 3495 2601 3573 regar-de
2635 3516 2702 3553 ce
2744 3510 2865 3554 mot
2911 3515 3136 3555 comme

1007 3593 1380 3670 l'equivalent
1421 3591 1492 3648 de
1532 3593 1730 3645 ridder
1767 3588 2098 3661 (chevalier)
2126 3610 2202 3646 ou
2243 3588 2313 3646 de
2347 3596 2529 3645 miter
2549 3590 2862 3662 (cavalier)‚
2895 3591 3139 3667 puisque

1012 3687 1140 3763 plus
1173 3684 1288 3742 loin
1317 3690 1399 3761 (p.
1434 3687 1532 3755 96)
1557 3682 1802 3739 Thomas
1830 3683 1997 3739 Basin
2041 3682 2122 3739 dit
2151 3703 2263 3758 que
2295 3683 2376 3739 les
2403 3684 2616 3739 ratheri
2652 3702 2712 3739 se
2748 3684 3141 3760 composaient

1014 3778 1087 3835 (16
1122 3778 1403 3835 cavalcrie
1438 3789 1492 3833 et
1528 3775 1908 3836 ‹l'insanterie.
1953 3779 2020 3831 Je
2057 3775 2206 3833 crois
2238 3795 2352 3853 que
2379 3777 2516 3834 c'est
2544 3790 2710 3834 notre
2742 3789 2862 3833 mot
2897 3776 3142 3851 smne-ais

1016 3873 1227 3926 routc'er
1248 3870 1345 3947 qui
1368 3871 1520 3929 avait
1546 3870 1634 3925 cte
1662 3867 1981 3945 germanisi·
2010 3866 2081 3924 de
2111 3868 2161 3925 la
2192 3881 2365 3939 sorte,
2393 3882 2448 3925 et
2479 3869 2532 3927 la
2560 3870 2742 3927 forme
2768 3872 3144 3947 germanique

1016 3986 1051 4022 a
1098 3963 1329 4042 produit
1373 3968 1405 4020 a
1450 3983 1552 4020 son
1596 3977 1724 4019 tour
1764 3963 1818 4017 le
1876 3974 1992 4017 mot
2039 3961 2280 4036 sranqais
2309 3976 2518 4033 mestre,
2561 3982 2665 4041 par
2690 3964 2876 4040 lequel
2907 3964 3140 4021 Molinet

1021 4059 1253 4135 ‹li-signe
1293 4058 1371 4113 les
1408 4059 1620 4113 ratheri
1656 4054 1729 4111 de
1757 4054 1808 4110 la
1839 4056 2017 4112 Frise.

1105 4155 1160 4209 3.
1210 4177 1232 4198 «
1286 4153 1397 4206 Des
1432 4146 1643 4224 ‹laglies
1681 4166 1754 4203 na
1794 4158 1958 4203 sunte
2000 4146 2188 4203 Sixtus
2245 4148 2314 4225 (7
2349 4152 2532 4221 aaut).
2574 4174 2598 4200 n
2645 4156 2892 4206 Annales
2945 4173 3056 4207 rer.
3095 4159 3146 4206 in

1027 4247 1180 4298 Holl.
1215 4257 1353 4318 gest.
1387 4261 1534 4297 anno
1559 4258 1948 4308 ncccctxxxx,
1981 4254 2118 4308 etc„
2155 4241 2296 4298 dans
2327 4243 2645 4313 Mattliaeu5‚
2680 4257 2720 4298 t.
2763 4246 2839 4312 11,
2873 4263 2932 4319 p.
2973 4249 3028 4300 1.
