3400 5417
975 505 1089 561 174
1519 501 2035 559 HISTORIARUM
2077 501 2437 562 Lunovlcl
2477 505 2564 560 xl

972 636 1470 734 requirebant,
1525 636 1909 732 impetrare
1970 650 2360 733 potuerunt
2378 640 2422 708 ².
2504 639 2837 723 Quorum
2897 637 3067 730 alter,

971 753 1239 824 scilicet
1274 748 1769 843 virdunensis»,
1817 752 1890 822 in
1940 751 2101 850 ipso
2142 777 2427 824 carcere
2474 777 2707 852 prope
2752 777 2967 852 usque
2997 752 3071 826 ad

972 871 1125 966 ejus
1196 869 1516 941 obitum'
1569 869 2008 966 permansit3
2066 869 2243 942 alter
2308 895 2484 943 vero
2528 870 2827 944 tandem
2868 871 3076 942 multis

973 984 1599 1059 intercessionibus
1628 987 2029 1059 amicorum
2050 1043 2069 1080 ,
2108 1002 2190 1058 ut
2221 1012 2261 1058 e
2290 1012 2577 1060 carcere
2610 988 3071 1074 dimitteretur,

974 1128 1108 1174 nec
1149 1104 1707 1196 condemnatuS‚
1747 1129 1981 1202 neque
2016 1104 2387 1178 absolutus
2406 1159 2427 1196 ,
2478 1106 2594 1176 vix
2646 1106 2883 1202 potuit
2923 1103 3074 1176 obti-

974 1245 1169 1293 nere.
1217 1225 1268 1291 A
1301 1245 1450 1318 quo
1481 1222 1755 1292 laxatus
1776 1277 1795 1314 ,
1835 1247 2019 1319 opus
2044 1221 2299 1294 habuit
2327 1237 2408 1292 ut
2438 1221 2816 1293 excederet
2856 1222 3076 1292 limites

975 1341 1174 1434 regni
1208 1364 1452 1411 versus
1495 1339 1840 1427 Italiam⁸3
1888 1339 2089 1435 quod
2135 1340 2268 1411 nisi
2309 1338 2620 1430 fecisset,
2678 1338 2752 1409 in
2800 1338 3078 1409 miserias

975 1457 1282 1555 priore5‚
1337 1471 1418 1526 ut
1469 1455 1658 1528 fama
1712 1455 2004 1553 publica
2048 1455 2465 1548 nuntiabat,
2520 1455 2756 1526 statim
2801 1470 3079 1528 retrusus

974 1589 1338 1645 exstitisset
1353 1627 1366 1642 .

1047 1693 1308 1788 ‘Quot‘
1362 1713 1534 1760 vero
1587 1690 1766 1760 alios
1823 1704 1895 1760 et
1960 1690 2206 1787 quales
2268 1690 2728 1764 ecclesiarum
2792 1691 3081 1789 praelatos

977 1807 1212 1879 omnis
1241 1805 1526 1902 graduS,
1558 1831 1687 1903 per
1716 1821 1950 1877 totum
1981 1831 2310 1901 regnum,
2348 1807 2459 1877 vel
2489 1831 2774 1879 carcere
2812 1805 3076 1893 recludi,

975 1923 1084 1993 vel
1132 1921 1443 1993 ecclesiis
1481 1921 1626 1991 suis
1670 1936 1741 1992 et
1783 1920 2071 1992 sedibus
2115 1920 2483 1993 deturbari
2513 1936 2729 2019 atque
2764 1921 2948 2018 ejici,
2984 1945 3081 1994 seu

979 2037 1617 2138 proscriptionibus
1639 2063 1770 2136 per
1802 2039 2031 2110 varias
2059 2039 2451 2110 calumnias
2479 2053 2549 2110 et
2576 2038 2813 2132 dolos»,
2851 2039 3081 2135 absque

976 2156 1120 2227 ulla
1153 2153 1562 2226 rationabili
1601 2178 1814 2225 causa
1835 2210 1853 2246 ‚
1896 2179 2030 2252 pro
2065 2154 2221 2225 solo
2270 2169 2450 2225 nutu
2486 2155 2760 2250 fatigari
2796 2169 2875 2226 et
2902 2155 3083 2248 affligi

1057 2388 1115 2448 1.
1162 2386 1338 2444 Louis
1381 2389 1468 2442 xl
1493 2430 1508 2456 ,
1544 2385 1786 2468 aus-sitin
1825 2382 1995 2460 apres
2034 2381 2164 2440 leur
2196 2381 2642 2452 incarceration,
2686 2381 2852 2441 avait
2894 2383 3082 2460 eni-oye

977 2482 1292 2540 demandet·
1343 2485 1376 2538 ξι
1423 2485 1605 2537 Rome
1659 2477 2081 2536 l'autorisation
2136 2477 2209 2534 de
2268 2478 2351 2535 les
2400 2478 2544 2535 faire
2594 2477 2787 2557 juger.
2848 2483 2925 2538 Le
2964 2498 3083 2557 pape

977 2579 1112 2635 Paul
1145 2581 1200 2634 11
1226 2595 1461 2634 nomina
1491 2574 1592 2632 des
1617 2573 1889 2652 delegues
1917 2573 2016 2650 qui
2046 2573 2280 2632 vinrent
2306 2593 2379 2631 en
2412 2577 2631 2632 France
2660 2595 2814 2654 pour
2848 2574 3085 2634 instruire

978 2671 1029 2729 lc
1055 2673 1296 2749 proce53
1327 2668 1470 2725 mais
1501 2667 1570 2725 ils
1600 2667 1795 2724 furent
1824 2667 2052 2724 recuses
2074 2686 2179 2744 par
2207 2666 2261 2724 le
2288 2666 2471 2746 grand
2492 2668 2733 2742 conscii,
2756 2690 2930 2748 parce
2944 2666 3083 2746 qu‘ils

974 2787 1048 2824 ne
1088 2764 1396 2822 voulumnt
1437 2782 1541 2840 pas
1585 2762 1823 2822 soussrir
1862 2782 1977 2839 que
2018 2760 2119 2819 des
2159 2762 2581 2821 commissaires
2624 2763 2702 2820 du
2745 2765 2837 2821 roi
2887 2761 3083 2834 s’adjoi·

977 2859 1228 2936 gnissent
1257 2860 1288 2912 a
1318 2875 1456 2913 eux.
1500 2855 1641 2912 Voir
1683 2854 1739 2912 la
1782 2853 2029 2911 relation
2062 2854 2135 2911 de
2172 2852 2552 2914 l'ambassade
2585 2858 2849 2932 envoy-'ee
2876 2861 2909 2913 a
2933 2861 3085 2913 Rome

977 2972 1050 3011 en
1079 2955 1233 3008 1469
1285 2954 1575 3022 (Preuves
1618 2953 1651 3006 a
1685 2948 1968 3007 l'histoire
2013 2949 2084 3006 de
2122 2951 2298 3007 Louis
2338 2955 2425 3009 XI
2466 2950 2539 3008 de
2590 2952 2884 3026 Duc-los),
2938 2964 2988 3009 et
3020 2951 3084 3007 les

975 3047 1342 3104 instructions
1373 3067 1443 3104 au
1483 3067 1631 3124 pape
1664 3045 1823 3103 Sixte
1863 3048 1937 3101 IV
1974 3065 2046 3102 cn
2078 3049 2221 3104 1471
2262 3050 2407 3120 (ms.
2448 3049 2564 3104 760
2596 3046 2668 3103 de
2696 3051 2794 3104 Du
2822 3052 2965 3124 Puy,
2993 3051 3020 3102 :i
3042 3045 3083 3101 la

977 3141 1124 3199 Bibl.
1163 3140 1351 3218 imp.).

1057 3238 1115 3292 2.
1165 3235 1493 3294 Guillanme
1522 3235 1594 3293 de
1628 3238 1995 3292 Haraucourt
2030 3253 2105 3291 nc
2138 3234 2301 3291 sortit
2334 3235 2756 3292 effectivement
2802 3233 2874 3292 de
2917 3232 3081 3312 prison

978 3333 1152 3411 qn'en
1178 3329 1412 3389 octobre
1436 3334 1616 3403 1482,
1639 3334 1809 3408 apres
1838 3351 1951 3407 que
1977 3330 2033 3387 le
2062 3349 2213 3408 pape
2238 3342 2334 3386 cut
2363 3330 2620 3387 consenti
2650 3332 2682 3386 a
2718 3329 2775 3386 le
2805 3329 3084 3387 transferet

977 3451 1051 3488 an
1080 3428 1232 3505 siege
1259 3426 1330 3485 de
1345 3426 1694 3496 Vintimi1103
1728 3428 1870 3484 mais
1900 3426 1938 3481 il
1971 3445 2254 3483 recouvra
2283 3444 2388 3482 son
2420 3425 2635 3481 evechc
2656 3424 2728 3482 de
2747 3421 3085 3482 Verdnnala

980 3537 1126 3580 mort
1157 3522 1234 3578 du
1266 3523 1373 3578 roi.
1408 3525 1494 3579 On
1524 3521 1643 3576 voit
1673 3541 1779 3598 par
1806 3541 1883 3576 un
1908 3534 2032 3578 acte
2052 3521 2319 3598 imprime
2349 3520 2491 3578 dans
2524 3520 2579 3577 le
2610 3523 2790 3597 Coi-ps
2822 3520 3083 3596 diploma-

979 3620 1134 3693 tiquc
1176 3617 1248 3673 de
1285 3623 1542 3672 Dumont
1580 3621 1650 3686 (t.
1689 3619 1775 3672 ΙΙΙ
1798 3664 1811 3688 ,
1848 3627 1912 3670 ιι·
1949 3617 2164 3693 partic,
2202 3639 2260 3694 p.
2302 3616 2411 3695 19)
2447 3636 2559 3694 que
2595 3618 2943 3694 l'empereur
2967 3614 3084 3671 Fre-

980 3711 1161 3782 dcric,
1206 3724 1378 3786 ayant
1421 3710 1649 3766 declat-e
1685 3709 1739 3765 la
1780 3730 1988 3786 guerre
2028 3713 2060 3765 ἱι
2089 3710 2264 3767 Louis
2294 3714 2379 3768 XI
2414 3730 2485 3766 au
2517 3721 3005 3768 commencement
3026 3705 3086 3762 de

984 3807 1160 3874 1478,
1186 3803 1407 3861 mettait
1439 3823 1510 3860 au
1539 3802 1783 3859 nombre
1812 3801 1885 3859 de
1918 3823 2005 3860 ses
2037 3805 2210 3881 griess
2241 3803 2299 3861 la
2328 3803 2619 3862 detention
2644 3804 2719 3862 de
2746 3804 3003 3882 l’eveque
3026 3799 3085 3856 de

979 3898 1230 3958 verdun.

1061 3996 1117 4052 3.
1163 3991 1342 4048 Bnluc
1385 3991 1467 4046 sut
1503 3990 1723 4048 delivrc'*
1754 3989 1854 4048 des
1888 3994 2040 4050 1480
2066 4012 2170 4070 par
2200 3992 2281 4050 les
2317 3992 2601 4052 instances
2630 3991 2709 4051 du
2740 3992 2891 4070 legat
2916 3991 3083 4049 Julien

977 4087 1050 4144 de
1078 4089 1160 4142 La
1193 4085 1442 4141 Rovere.
1485 4083 1638 4140 Parti
1685 4084 2177 4144 immediatement
2213 4107 2364 4164 pour
2399 4086 2642 4160 l'Italie,
2684 4087 2721 4144 il
2768 4088 2849 4145 snt
2894 4108 3015 4163 reru
3056 4089 3079 4139 ἡ

977 4187 1160 4239 Rome
1189 4198 1414 4238 comme
1443 4199 1515 4236 en
1544 4178 1855 4256 triomphe.

1060 4279 1114 4332 11.
1165 4279 1271 4333 Ms.
1307 4295 1460 4348 quos.
