3400 5417
1080 468 1299 524 LIBER
1340 468 1639 527 SEXTUS.
2339 478 2416 533 83

290 592 469 667 fidei
503 610 713 671 antea
741 597 1025 671 creditae
1065 596 1346 672 fuerant
1360 653 1383 693 ,
1423 601 1692 674 amovit
1721 614 1793 673 et
1829 602 1963 674 sibi
2008 608 2406 704 assumpsit.

292 714 349 781 A
394 726 552 783 toto
598 727 837 786 autem
866 740 1068 813 paene
1100 715 1373 815 populo
1416 715 1741 808 civitatis,
1778 717 2140 815 potissime
2173 732 2413 792 tamen

289 824 388 897 ab
443 826 557 900 his
610 829 736 925 qui
778 854 920 901 suae
966 830 1291 904 factionis
1323 831 1699 930 participes
1748 831 1862 906 vel
1900 832 2112 906 etiam
2165 849 2413 906 aucto-

291 965 405 1013 res
442 944 880 1038 exstiterant,
920 945 1055 1019 sibi
1101 946 1407 1019 multum
1451 948 2040 1047 applaudebatur,
2088 964 2162 1022 et
2216 951 2415 1047 quasi

289 1059 543 1156 prisoee
606 1086 749 1134 suae
796 1060 1141 1135 libertatis
1190 1065 1550 1137 restitutor
1610 1064 1896 1164 publice
1947 1066 2418 1165 privatimque

290 1176 691 1265 serebatur3
734 1177 1146 1275 fiebantque
1190 1204 1321 1279 per
1367 1182 1665 1253 civitatis
1705 1183 1972 1281 plateas
2015 1184 2419 1281 frequentes

288 1292 739 1391 epulationes
787 1319 918 1393 per
946 1297 1161 1381 viceS,
1225 1321 1421 1369 nunc
1456 1298 1531 1368 in
1584 1322 1729 1370 una
1764 1298 2048 1387 vicinia,
2096 1324 2292 1371 nunc
2341 1300 2413 1369 in

289 1409 455 1499 alia,
509 1412 606 1483 ita
654 1425 735 1483 ut
781 1413 1026 1485 civitas
1070 1413 1147 1484 in
1195 1414 1408 1511 hujus
1449 1415 1780 1487 novitatis
1825 1416 2130 1488 exordiis
2158 1418 2416 1513 jugiter

291 1526 514 1597 ferme
539 1526 784 1599 festiva
811 1528 1198 1601 videretur.

384 1641 533 1713 Sed
561 1640 881 1741 profecto
916 1667 1069 1716 non
1082 1635 1355 1715 eodem
1388 1643 1571 1715 fastu
1606 1646 2132 1742 responderunt
2155 1646 2407 1718 ultima

289 1756 583 1855 primis3
619 1758 768 1830 imo
819 1757 1115 1855 hujusce
1146 1782 1347 1831 vanae
1377 1759 1860 1831 exsultationis
1913 1775 2229 1833 extrema
2265 1776 2419 1833 tan-

290 1871 461 1944 dem
539 1872 993 1945 calamitosus
1061 1899 1143 1945 ac
1208 1874 1656 1969 gravissimus
1725 1876 2101 1972 occupavit
2156 1875 2412 1947 luctus.

290 1988 430 2075 Qui
505 2013 647 2061 suae
717 1990 1144 2062 instaurator
1202 1990 1501 2061 civitatis
1542 1988 1827 2087 publice
1880 1990 2305 2084 jactabatur,
2345 1991 2417 2061 in

294 2118 567 2177 tantam
615 2105 908 2178 demum
938 2108 1342 2177 universam
1363 2106 1717 2177 civitatem
1762 2129 1848 2177 ac
1881 2119 2028 2176 tam
2057 2104 2414 2177 miserabi-

287 2218 429 2291 lem
462 2221 872 2294 servitutem
908 2222 1209 2317 redegit,
1266 2236 1345 2293 ut
1378 2221 1555 2291 nihil
1616 2221 1834 2292 ferme
1866 2246 1909 2293 a
1953 2222 2168 2293 servis
2193 2247 2420 2320 poenae

292 2335 595 2408 addictis
651 2338 840 2409 cives
880 2338 1357 2435 Trajectenses
1410 2336 1695 2409 differre
1753 2338 2160 2409 viderentur
2179 2393 2199 2429 ,
2255 2364 2414 2410 mo-

293 2477 510 2550 reque
534 2455 1025 2551 jumentorum
1051 2468 1175 2526 aut
1205 2478 1573 2553 pecorum,
1603 2455 1863 2552 passim
1890 2455 2226 2527 adversus
2262 2479 2410 2545 θος,

292 2593 473 2665 quos
511 2570 777 2641 eisdem
822 2584 1194 2669 paraverat
1232 2570 1496 2661 hosteS‚
1542 2570 1657 2639 die
1710 2585 2071 2667 noctuque
2117 2594 2246 2667 per
2281 2571 2413 2640 im-

294 2684 452 2757 bres
476 2742 499 2779 ,
549 2687 747 2757 nives
794 2710 878 2758 ac
925 2686 1183 2782 frigora
1242 2687 1431 2758 exire
1476 2701 1544 2757 et
1579 2688 1798 2758 vitam
1841 2710 2043 2758 suam
2082 2686 2412 2784 periculis

292 2800 627 2873 omnibus
678 2827 1035 2901 exponere
1082 2817 1527 2897 cogerentur.
1567 2808 1730 2873 Haec
1756 2802 1885 2874 fuit
1911 2802 2222 2896 libertas,
2259 2802 2410 2874 haec

292 2917 650 3015 privilegia
682 2920 1230 3015 Trajectensium
1298 2919 1615 2991 restituta
1646 2942 1774 3017 per
1829 2918 2214 2991 adventum
2271 2918 2410 2989 do-

292 3034 466 3105 mini
500 3033 592 3105 de
619 3034 1050 3105 Montesorti.

386 3149 497 3220 Ad
528 3150 859 3222 miseram
890 3163 1126 3221 tamen
1166 3173 1307 3220 suae
1343 3151 1758 3222 calamitatis
1789 3162 1861 3219 et
1912 3149 2130 3218 ruinae
2191 3149 2406 3221 sortu-

293 3292 454 3339 nam
506 3292 740 3340 crassa
788 3266 1130 3364 quadam¹
1166 3267 1613 3362 ignoratione
1650 3267 1801 3362 ipsa
1855 3266 2401 3360 Trajectensium

291 3386 567 3458 civitate
622 3410 696 3457 se
742 3399 1119 3456 excusante
1141 3439 1160 3476 ,
1212 3383 1688 3455 causabantur
1738 3381 1976 3479 plures
2030 3405 2070 3449 e
2130 3380 2403 3451 civibus

292 3501 757 3597 nonnullique
790 3501 879 3572 de
912 3501 1102 3571 clero
1136 3501 1472 3571 adversus
1506 3498 1886 3569 dominum
1935 3511 2006 3566 et
2047 3510 2402 3594 pastorem

292 3640 533 3706 suum,
591 3616 789 3711 quod
835 3615 1145 3711 quadarn
1211 3615 1482 3710 majore
1551 3610 1950 3711 imperandi
2012 3610 2403 3683 ambitione

289 3730 534 3823 elatus,
559 3732 740 3803 duce
763 3732 1019 3802 Carolo
1048 3754 1385 3825 germano
1428 3755 1557 3801 suo
1592 3729 1988 3825 superstite,
2037 3728 2236 3824 cujus
2269 3753 2398 3798 no-

364 3927 419 3980 1.
464 3928 571 3983 Ms.
610 3950 634 3975 «ι
669 3924 925 3981 Crassam
953 3923 1239 3999 quandam
1268 3921 1706 3999 ignorationem.
1725 3945 1753 3973 n
1794 3921 2089 3980 Matthaeus
2116 3942 2150 3978 a
2179 3922 2399 3999 corrige

292 4030 439 4075 toute
483 4019 539 4075 la
587 4017 792 4095 phrase
838 4036 1059 4074 comme
1094 4017 1132 4073 it
1179 4016 1289 4073 suit
1336 4040 1347 4073 :
1392 4040 1421 4067 α
1588 4027 1776 4072 tamen
1821 4034 1935 4071 suae
1974 4016 2306 4073 calamitatis
2347 4028 2402 4071 et

296 4136 316 4159 κ
352 4109 527 4168 ruinae
568 4112 816 4169 nesciam
851 4129 1153 4187 crassaque
1196 4108 1513 4187 ignorantia
1548 4108 1932 4165 excusandam
1963 4108 2142 4184 ipsam
2173 4108 2398 4179 Trajee-

294 4228 318 4252 α
350 4204 591 4260 tensium
620 4202 924 4260 civitatem.
960 4232 982 4251 υ
