3400 5417
1017 490 1044 544 1
1057 488 1133 544 52
1563 486 2082 547 nlsromAnUM
2122 487 2479 546 mnovlcl
2516 489 2606 549 xl

1015 621 1215 721 quod
1264 623 1469 695 initio
1514 623 1882 717 nonnulli,
1925 623 2124 719 quod
2155 622 2499 719 agebatur
2547 623 2981 719 ignorantes,
3015 649 3117 698 ar·

1015 739 1452 811 bitrarentur
1506 764 1656 810 non
1709 721 1956 812 talium
2011 739 2382 812 missilium
2418 761 2569 810 esse
2608 739 2918 812 sonitum
2938 793 2959 832 ,
3008 742 3119 812 sed

1016 855 1256 954 potius
1286 855 1650 949 tignorum
1683 855 2093 952 aliquorum
2138 854 2595 946 continuatos
2626 854 2805 925 ictus
2834 852 2927 926 ad
2952 855 3121 926 fores

1016 969 1402 1042 domorum
1426 970 1829 1065 aliquarum
1849 968 2350 1064 effringendas.
2380 967 2716 1041 Pulsabat
2742 983 2813 1040 et
2837 970 3118 1042 terrifico

1013 1109 1196 1156 sono
1231 1083 1512 1157 assidue
1545 1109 1937 1183 campana,
1977 1109 2105 1183 per
2146 1109 2366 1181 quam
2407 1085 2597 1156 cives
2639 1084 2735 1156 ad
2782 1109 3118 1158 armorum

1014 1205 1360 1276 tumultus
1391 1205 1680 1276 excitari
1714 1204 1969 1276 solent.

1113 1320 1380 1389 Verum
1410 1343 1450 1390 e
1485 1318 1762 1391 civibus
1787 1375 1806 1412 ,
1846 1317 2094 1390 audito
2128 1317 2221 1390 ab
2259 1320 2359 1390 eis
2395 1317 2593 1416 quod
2627 1319 2982 1392 Clivenses
3005 1345 3118 1418 pro

1014 1431 1495 1527 Enghelberto
1547 1419 1680 1506 sud
1723 1433 2109 1505 domicello
2161 1448 2412 1505 contra
2460 1459 2668 1506 suum
2732 1435 3121 1534 episcopum

1013 1549 1437 1622 dimicarent
1459 1606 1478 1641 ‚
1524 1553 1735 1649 pauci
1768 1567 1839 1622 et
1872 1574 2099 1648 prope
2147 1551 2320 1621 nulli
2366 1549 2457 1621 ad
2498 1549 2983 1623 defensionem
3027 1575 3125 1623 ac·

1012 1681 1436 1760 currerunt3
1477 1668 1601 1739 sed
1626 1721 1646 1758 ,
1685 1667 2029 1740 obseratis
2064 1669 2259 1738 ostiis
2280 1724 2299 1761 ‚
2338 1693 2488 1740 sese
2545 1670 2734 1742 intra
2766 1669 2949 1742 aedes
2986 1694 3124 1742 suas

1015 1780 1506 1852 continebant.

1111 1898 1270 1966 Fuit
1319 1899 1560 1996 itaque
1610 1900 1684 1968 in
1731 1900 1967 1996 platea
2010 1898 2345 1996 praedicta
2391 1901 2704 1996 partium
2727 1905 2745 1940 ¹
2792 1915 3123 1972 certamen

1015 2035 1358 2106 magnum
1388 2029 1599 2110 atque
1630 2029 1833 2086 atrox
1860 2071 1878 2106 ‚
1914 2014 1987 2084 in
2026 2037 2172 2107 quo
2210 2012 2551 2084 occubuit
2599 2014 2719 2094 ille
2752 2014 3042 2086 stolidus
3070 2029 3126 2084 et

1014 2152 1276 2224 procax
1340 2133 1688 2202 Henricus
1746 2131 1835 2201 de
1892 2127 2264 2220 ΝιένείιΙε,
2320 2130 2442 2224 qui
2496 2130 2717 2200 totius
2765 2129 2977 2226 hujus
3028 2155 3125 2226 ag-

1017 2269 1292 2339 gressus
1377 2263 1628 2318 auctor
1694 2246 1923 2318 fuerat
1996 2260 2066 2316 et
2125 2245 2475 2329 incentor.
2548 2246 2769 2342 Cujus
2833 2245 3124 2344 profecto

1016 2385 1220 2432 casus
1259 2364 1582 2459 perutilis
1632 2362 1763 2433 fuit
1808 2376 1877 2433 et
1906 2361 2262 2459 pontifici,
2312 2376 2381 2431 et
2424 2362 2716 2432 civitati.
2770 2361 3127 2434 Ferebatur

1017 2478 1210 2547 enim
1258 2504 1425 2549 eum
1488 2479 1904 2550 exsecrabili
1944 2493 2388 2549 sacramento
2434 2477 2753 2550 firmasse
2810 2505 2881 2551 se
2934 2504 3125 2552 manu

1018 2619 1146 2665 sua
1191 2596 1393 2692 pium
1441 2597 1853 2692 pontificem
1918 2597 2126 2666 fuisse
2175 2609 2638 2686 necaturum,
2704 2596 2765 2666 si
2811 2596 3031 2668 victor
3074 2611 3125 2664 et

1019 2712 1252 2781 salvus
1284 2712 1585 2782 evadere
1635 2713 1999 2810 potuisset.
2052 2716 2214 2782 Erat
2262 2713 2528 2809 quippe
2563 2713 2713 2809 ipse
2749 2737 3040 2784 censura
3073 2728 3123 2781 et

1019 2827 1360 2923 spirituali
1404 2852 1747 2898 mucrone
1778 2829 2037 2898 summi
2070 2827 2428 2925 pontificis
2459 2829 3121 2919 excommunicatus,

1021 2955 1436 3035 aggravatus
1505 2957 1572 3010 et
1643 2957 2139 3036 reaggravatus
2202 2955 2415 3038 atque
2467 2942 3122 3035 anathematizatus,

1023 3059 1218 3128 omni
1270 3059 1626 3154 impietate
1672 3073 1743 3128 et
1789 3058 2148 3130 ferocitate
2198 3058 2550 3155 repletuS‚
2607 3061 3055 3158 quamplures
3095 3085 3127 3130 e

1021 3171 1294 3243 civibus
1347 3188 1415 3242 et
1465 3172 1953 3244 ecclesiasticis
2006 3173 2282 3246 habens
2352 3174 2524 3246 odio
2583 3175 3120 3270 implacabiliter.

1025 3293 1314 3385 Propter
1359 3289 1551 3385 quod
1603 3289 2192 3360 clementissimus
2245 3291 2597 3362 Dominus
2642 3290 2853 3362 valde
2894 3293 3127 3362 utiliter

1019 3420 1086 3475 et
1129 3407 1676 3476 misericorditer
1713 3406 2025 3503 providit
2070 3408 2370 3498 civitati,
2418 3407 2617 3502 quod
2661 3423 2809 3479 tam
2863 3422 3126 3480 cruenta

1021 3536 1090 3590 et
1128 3521 1458 3592 immanis
1490 3522 1732 3594 bellua
1767 3523 2168 3611 tolleretur3
2210 3523 2330 3618 qui
2368 3523 2725 3619 prosect0‚
2776 3525 2833 3594 si
2868 3527 3010 3595 voti
3036 3524 3120 3593 sui

1019 3638 1430 3708 exsecrandi
1491 3665 1792 3736 compos
1830 3640 2233 3726 mansisset,
2286 3653 2353 3708 et
2396 3639 2745 3735 plurimos
2793 3653 3123 3710 enee-asset

1020 3778 1186 3822 cum
1228 3755 1503 3849 optimo
1553 3754 1891 3852 pontifice
1918 3811 1935 3844 ‚
1988 3769 2057 3824 et
2093 3753 2185 3824 ad
2227 3755 2653 3850 explendam
2691 3756 3123 3852 rapacitatem

1017 3891 1255 3958 suam,
1314 3870 1480 3962 quia
1513 3894 1789 3967 pauper
1823 3886 1893 3940 et
1933 3871 2143 3965 inops
2194 3884 2387 3958 erat,
2430 3871 2537 3940 vel
2582 3872 2937 3942 civitatem
2998 3871 3125 3939 uni·

1021 4010 1292 4057 versam
1320 4044 1336 4074 ,
1415 3987 1524 4057 vel
1569 3989 1913 4082 majorem
1960 3988 2209 4058 saltem
2259 3989 2695 4085 locupletum
2761 3989 3119 4060 domorum

1092 4245 1150 4298 1.
1195 4239 1496 4297 Matthaeus
1519 4242 1919 4314 praedictarum
1942 4247 2217 4314 partium.
