3400 5417
909 531 983 589 58
1453 531 1970 588 HISTORIARUM
2011 529 2366 585 LUDOVICI
2405 530 2491 587 xl

906 666 1029 738 sed
1069 680 1379 763 quantus
1423 687 1678 736 eorum
1722 686 2063 735 numerus
2095 661 2239 735 illic
2275 684 2492 733 caesus
2527 660 2768 750 fuerit,
2805 661 3028 733 ineer-

905 799 1059 856 tum
1088 782 1419 855 habitum
1452 797 1557 853 est
1578 786 1621 851 ¹.

1003 901 1161 970 Fuit
1192 899 1408 970 etiam
1439 897 1583 968 illic
1630 920 1872 968 comes
1914 896 2008 967 de
2054 895 2709 986 Rotundo-Monte,
2751 897 2877 969 sed
2931 912 3036 969 ta·-

907 1039 1073 1087 men
1105 1039 1255 1086 non
1289 1014 1643 1085 lethaliter
1678 1028 1798 1083 aut
1828 1014 2135 1084 multum
2168 1012 2495 1107 graviter,
2535 1012 2944 1085 vulneratus
2965 1016 3030 1101 ’ς

907 1133 1029 1227 qui
1050 1187 1071 1224 ,
1109 1132 1354 1230 paucis
1385 1145 1549 1227 post
1584 1130 1860 1200 effluxis
1894 1130 2148 1200 diebus
2170 1185 2191 1219 ,
2235 1128 2620 1199 convaluit.

1595 1428 2107 1497 CAplTULUM
2159 1430 2350 1518 „xvi

908 1630 985 1679 De
1001 1626 1183 1699 prada
1205 1646 1395 1697 magna
1415 1630 1551 1680 facta
1576 1648 1607 1680 a
1636 1628 1817 1698 piratis
1841 1629 2186 1682 Normanniae
2217 1646 2375 1699 supra
2399 1630 2685 1699 piscatores
2710 1628 2975 1682 Flandrin
2997 1643 3044 1681 et

1194 1711 1511 1777 Hollandiae,
1538 1724 1585 1764 et
1611 1712 1681 1764 de
1702 1713 1988 1801 asperrima
2013 1713 2214 1779 hicme,
2241 1730 2385 1765 anno
2405 1730 2754 1767 mccccnxxxx.

1006 1888 1355 1960 Confecto
1392 1890 1601 1983 igitur
1632 1888 1824 1960 dicto
1860 1889 2143 1987 proelio,
2176 1890 2344 1984 quia
2373 1889 2710 1960 exercitui
2746 1891 3049 1961 Flamin·

910 2028 1167 2101 gorum
1223 2029 1473 2075 currus
1551 2004 1892 2095 deerant,
1958 2005 2335 2099 omnisque
2425 2029 2762 2095 annona,
2827 2030 3048 2101 quam

908 2121 1393 2213 adduxerant,
1448 2147 1616 2192 eum
1668 2124 1865 2193 varia
1912 2121 2385 2217 supellectile,
2448 2146 2606 2215 qua:
2651 2123 2752 2192 eis
2794 2124 2870 2192 in
2921 2148 3054 2194 sua

909 2242 1246 2311 castrensi
1280 2241 1738 2338 expeditione
1771 2242 1930 2309 usui
1965 2254 2032 2309 et
2063 2239 2440 2309 ali1nento³
2476 2240 2870 2309 necessaria
2909 2239 3054 2312 fue-

910 2370 1051 2446 rat,
1100 2380 1143 2427 a
1192 2358 1630 2426 Francorum
1672 2354 2032 2449 equitibus
2069 2353 2176 2423 vel
2215 2353 2522 2450 direpta,
2579 2355 2688 2423 vel
2734 2353 3050 2425 abducta

910 2472 1170 2563 suerat,
1211 2474 1533 2567 sequenti
1567 2486 1728 2568 post
1771 2471 2103 2568 proelium
2143 2469 2299 2559 die,
2335 2471 2518 2540 intra
2559 2495 2726 2541 suos
2761 2470 2937 2541 fines
2979 2497 3050 2540 se

910 2605 1352 2687 receperunt.

1010 2710 1138 2775 Per
1189 2720 1412 2775 totam
1464 2718 1706 2775 autem
1757 2717 2172 2797 sequentem
2223 2702 2573 2792 hiemem,
2635 2703 2826 2772 nulla
2878 2703 3055 2773 hinc

908 2824 1076 2893 inde
1131 2824 1473 2893 terrestris
1527 2820 1886 2917 expeditio
1929 2820 2081 2889 luit.
2145 2822 2408 2889 Verum
2463 2845 2610 2888 non
2674 2834 3053 2915 propterea

912 2940 1153 3011 Franci
1217 2964 1258 3008 a
1326 2938 1554 3008 navali
1620 2936 2072 3034 expeditione
2131 2934 2468 3005 adversus
2518 2935 2921 3029 Flamingos
2985 2954 3054 3005 et

912 3054 1458 3145 HollandrinOS,
1501 3056 1620 3150 qui
1670 3079 1796 3151 per
1825 3068 2251 3123 autumnum
2284 3067 2352 3121 et
2385 3052 2694 3123 hiemem
2717 3053 3052 3123 halecum

910 3188 980 3243 et
1030 3173 1332 3242 aliorum
1382 3172 1685 3267 piscium
1741 3170 2110 3267 piscationi
2161 3194 2328 3237 cum
2385 3171 2660 3263 maguis
2708 3168 3056 3240 classibus

913 3290 1397 3358 onerariarum
1458 3287 1749 3355 navium
1811 3284 2226 3356 incumbere
2289 3288 2673 3379 quotannis
2734 3310 3056 3355 consue-

913 3420 1192 3491 verunt,
1229 3419 1295 3473 et
1326 3426 1619 3496 magnas
1660 3402 1812 3471 auri
1847 3417 1917 3471 et
1951 3402 2219 3495 argenti
2259 3403 2501 3497 copias
2539 3403 2701 3472 inde
2740 3401 3052 3489 trahere,

915 3542 1059 3588 non
1100 3516 1521 3611 quieverunt
1559 3529 1676 3583 aut
1715 3540 1786 3584 se
1817 3515 2352 3583 continuerunt.
2403 3515 2542 3583 Sed
2588 3514 2894 3584 validam
2943 3518 3056 3611 pi-

914 3635 1291 3704 raticarum
1344 3632 1635 3701 navium
1691 3646 1904 3726 atque
1961 3632 2348 3727 piratarum
2401 3657 2695 3701 manum
2769 3644 3058 3702 contra-

914 3751 1204 3839 henteS,
1262 3748 1790 3819 multitudinem
1861 3748 2150 3818 navium
2215 3748 2604 3839 Flandriar‚
2661 3747 3060 3822 Hollandiae

1004 3994 1053 4046 i.
1113 4015 1135 4037 α
1165 3994 1251 4046 De
1281 3989 1332 4045 la
1357 4001 1483 4063 part
1513 3987 1591 4042 (lu
1620 3987 1752 4050 duc,
1786 3987 1820 4042 il
1854 4005 1888 4061 y
1920 3999 2014 4041 eut
2035 3985 2162 4061 plus
2188 3985 2258 4041 de.
2276 3998 2437 4061 perte
2458 4006 2570 4060 que
2596 3985 2668 4042 de
2697 3986 2750 4041 la
2779 3998 2998 4043 nostre.
3027 4010 3052 4036 2

920 4081 1265 4149 CommineS,
1306 4082 1344 4137 1.
1383 4084 1487 4148 vl,
1519 4079 1611 4135 ch.
1646 4099 1699 4135 v.

1000 4178 1055 4231 2.
1110 4200 1135 4226 α
1158 4176 1346 4231 Navre
1378 4175 1553 4249 d'ung
1582 4174 1807 4230 vireton
1839 4176 1866 4227 :¹1
1899 4174 1950 4228 la
1982 4172 2188 4229 cuisse.
2221 4198 2244 4221 π
2278 4172 2535 4231 Molinet.
2573 4186 2610 4227 t.
2646 4177 2730 4239 Π,
2764 4172 2857 4229 ch.
2893 4194 3050 4229 vat.

1002 4272 1056 4323 3.
1112 4270 1379 4323 Alimentz·
1408 4267 1547 4322 dans
1576 4268 1627 4321 le
1656 4286 1763 4322 ms.
