3400 5417
843 503 918 557 16
1385 502 1903 559 HISTomAmJM
1942 501 2300 559 LUDOVICI
2339 503 2424 557 XI

838 631 1199 705 affinitatis
1231 634 1481 727 gratia,
1517 631 1610 704 ad
1647 632 2170 705 consulendum
2202 632 2633 731 principissae.
2667 647 2739 704 et
2768 638 2967 707 terris

839 751 982 821 suis
1037 750 1160 833 illo
1215 775 1291 822 se
1347 752 1770 823 contulerat.
1832 754 1940 821 De
1985 774 2133 845 quo
2182 750 2372 823 sama
2435 751 2567 823 fuit
2625 752 2824 847 quod
2877 753 2967 824 ad

838 865 1325 963 copulandum
1359 866 1973 937 matrimonialiter
2011 868 2237 964 ipsam
2272 867 2769 965 principissam
2820 866 2967 940 filio

839 1006 970 1052 suo
1001 986 1016 1019 ¹
1063 980 1496 1071 intenderet,
1535 997 1602 1052 et
1636 982 1871 1078 quod,
1901 980 2115 1077 hujus
2148 983 2248 1052 rei
2283 983 2531 1077 gratia,
2566 980 2690 1054 illo
2732 1007 2967 1055 acces-

838 1096 1057 1168 sisset.
1117 1095 1222 1166 Ad
1284 1118 1500 1192 quem
1566 1096 1787 1168 finem
1846 1111 1926 1167 ut
1992 1097 2390 1193 pertingere
2448 1113 2725 1195 posset,
2783 1100 2968 1170 miro
3050 1078 3061 1091 ⁸

839 1212 1059 1283 modo
1096 1212 1375 1285 animos
1425 1214 1752 1285 omnium
1777 1269 1797 1305 ,
1842 1213 1965 1311 qui
2005 1213 2094 1285 de
2127 1214 2330 1284 terris
2359 1214 2797 1310 principissae
2828 1214 2968 1286 illic

837 1342 1276 1402 conventum
1334 1328 1833 1423 celebrabant,
1905 1330 2298 1401 distrahere
2363 1330 2726 1425 satagebat
2746 1333 2807 1423 ⁸,
2878 1356 2968 1402 ne

837 1470 1004 1516 cum
1037 1471 1199 1541 rege
1224 1445 1487 1517 foedera
1513 1447 1777 1519 inirent
1796 1450 1843 1539 ³,
1869 1471 2047 1517 neve
2071 1447 2565 1544 principissam
2588 1469 2795 1517 suam
2817 1469 2967 1518 ma-

837 1561 1176 1631 trimonio
1221 1561 1541 1658 copulari
1587 1561 1798 1632 alicui
1844 1562 2248 1660 principum
2302 1561 2660 1656 gallicanae
2711 1561 2969 1657 linguae

837 1690 1282 1774 paterentur3
1337 1676 1460 1747 sed
1515 1678 1753 1774 potius
1798 1678 1890 1748 ad
1935 1679 2245 1773 aliquem
2286 1678 2663 1748 illustrium
2704 1679 2967 1776 princi-

835 1818 1012 1889 pum
1055 1793 1471 1887 germanicae
1516 1794 1823 1865 nationis
1876 1796 2197 1864 animum
2240 1793 2609 1866 intendere
2652 1796 2959 1867 vellent:

834 1907 1121 1979 illorum
1165 1908 1430 2007 quippe
1469 1906 1727 1979 fastum
1755 1964 1773 1998 ,
1822 1910 2231 2007 superbiam
2285 1924 2498 2005 atque
2554 1910 2959 1999 avaritiam,

836 2023 1140 2094 aliorum
1188 2008 1373 2095 >vero
1426 2022 1941 2121 benignitatem
1965 2081 1983 2117 ,
2046 2024 2537 2096 liberalitatem
2588 2050 2967 2121 moresque

832 2138 1192 2212 humanos
1218 2156 1286 2211 et
1325 2141 1585 2232 faciles,
1630 2157 1984 2240 spectatos
2014 2157 2562 2239 compertosque
2584 2140 2956 2212 haberent.

834 2259 922 2325 Et
973 2256 1116 2327 hoc
1171 2258 1337 2353 ipsis
1394 2256 1686 2353 quidem
1743 2283 1892 2328 non
1950 2273 2099 2329 erat
2154 2257 2577 2354 persuadere
2630 2255 2960 2346 difficile,

835 2369 1095 2468 quibus
1129 2372 1378 2443 odium
1400 2428 1419 2463 ,
1457 2373 1657 2467 quod
1695 2374 2035 2444 adversus
2077 2372 2335 2443 ducem
2386 2398 2594 2443 suum
2630 2374 2963 2444 Carolum

833 2484 1369 2558 acerbissimum
1404 2503 1884 2584 conceperant
1915 2543 1933 2577 ,
1968 2487 2157 2558 idem
2191 2486 2468 2557 dudum
2500 2501 2838 2559 suaserat.

935 2608 986 2672 Α
1035 2626 1180 2698 quo
1226 2602 1482 2673 affectu
1540 2626 1671 2673 nec
1728 2604 1940 2674 alieni
1996 2617 2197 2673 erant
2258 2603 2469 2673 etiam
2532 2603 2964 2700 principissae

833 2717 1125 2809 subditi,
1169 2719 1430 2814 quibus
1469 2733 1569 2789 est
1615 2720 1959 2813 gallicana
2007 2721 2249 2813 lingua
2284 2735 2628 2790 materna.
2684 2720 2963 2817 Experti

833 2835 1027 2905 enim
1077 2835 1523 2926 vicinorum,
1561 2836 1685 2931 qui
1731 2835 1866 2905 sub
1918 2837 2097 2929 regis
2128 2835 2399 2930 degunt
2430 2836 2777 2931 imperiO,
2817 2837 2963 2904 mi—

834 2951 1049 3022 serias
1107 2966 1179 3022 et
1235 2951 1714 3042 calamitateS,
1784 2950 2401 3049 durissimas[que']
2432 2950 2723 3048 ,quibus
2795 2974 2961 3046 pre-

834 3083 1128 3138 muntur
1162 3068 1562 3159 servituteS,
1602 3093 1734 3137 nec
1770 3067 1982 3138 fastus
2021 3066 2574 3160 ambitionisque
2622 3070 2728 3135 sui
2767 3065 2964 3135 ducis

835 3208 1063 3283 nuper
1126 3185 1448 3257 exstincti
1493 3185 1951 3254 immemores
2004 3184 2153 3279 [qui
2212 3206 2411 3252 more
2460 3184 2653 3277 regio
2698 3182 2962 3253 eisdem

834 3301 1181 3398 imperare
1213 3300 1635 3389 inchoarat,
1675 3314 1747 3369 et
1788 3299 2068 3396 plenius
2104 3314 2317 3394 atque
2360 3297 2842 3369 abundantius
2890 3298 2960 3367 id

833 3417 1192 3514 complere
1254 3415 1773 3512 disposuerat),
1837 3442 1984 3486 non
2034 3439 2463 3512 magnopere
2530 3412 2966 3511 exoptabant

831 3532 1230 3629 principem
1272 3530 1538 3601 habere
1577 3557 1660 3603 ex
1698 3531 2115 3630 proceribus
2158 3557 2281 3603 seu
2320 3529 2771 3624 magnatibus
2798 3530 2964 3599 Gal-

832 3648 1121 3739 liarum,
1187 3673 1367 3743 quos
1429 3650 1644 3719 ferme
1689 3673 1979 3740 omnes,
2040 3649 2307 3719 eisdem
2362 3647 2653 3741 regendi
2695 3643 2964 3716 artibus

834 3766 1188 3835 institutos
1237 3780 1446 3859 atque
1495 3765 1566 3832 in
1607 3765 1855 3832 eadem
1904 3765 2149 3834 schola
2193 3763 2541 3851 imbut05‚
2596 3787 2745 3832 non
2779 3760 2963 3830 absi·

836 3882 1033 3953 miles
1062 3882 1202 3974 regi
1245 3880 1394 3950 fore
1431 3878 1951 3973 conjectabant.

915 4058 972 4113 1.
1021 4057 1260 4110 Nomine
1293 4059 1458 4125 Jean,
1487 4073 1711 4111 comme
1738 4055 1839 4111 lui.

917 4151 975 4205 2.
1022 4145 1373 4223 Satagebant
1399 4147 1540 4204 dans
1566 4147 1616 4203 le
1645 4168 1753 4203 ms,

917 4242 970 4295 3.
1025 4242 1199 4295 lm'ret
1226 4239 1366 4295 dans
1403 4239 1457 4295 le
1489 4260 1595 4296 ms.
