3400 5417
916 507 1030 564 ω
1462 508 1981 564 fflsromunm
2022 507 2378 580 Lunovlm
2421 487 2508 564 x1

915 641 1068 711 imo
1108 641 1345 712 verius
1390 643 1630 712 mitius
1680 643 1951 713 malum
1988 657 2176 731 erat,
2218 641 2419 739 quod
2472 643 2545 714 in
2581 642 2694 714 his
2722 641 3049 717 civilibus

859 753 870 764 ”
915 754 1344 826 factionibus
1395 771 1469 827 et
1514 757 1994 829 seditionibus
2038 759 2479 855 sanguinarii
2516 783 2669 832 non
2721 759 3045 848 filerunt,

901 861 1524 968 ‘quemadmodum
1573 898 1758 972 saepe
1805 875 1881 945 in
1931 873 2193 946 talibus
2221 873 2550 948 civilibus
2583 874 3050 948 seditionibus

912 987 1114 1058 omni
1164 985 1600 1060 crudelitatis
1634 1014 1892 1085 genere
1924 989 2110 1061 inter
2154 1013 2232 1061 se
2282 989 2678 1063 desaeviisse
2722 1014 3049 1089 comper·

912 1116 1069 1173 tum
1108 1118 1252 1192 est3
1303 1102 1430 1175 sed
1478 1105 2125 1204 proscriptionibus
2175 1106 2289 1178 vel
2338 1105 2623 1178 civibus
2658 1107 2849 1180 intra
2890 1130 3051 1180 suas

912 1219 1100 1292 aedes
1130 1219 1404 1290 recludi
1424 1219 1636 1315 jussis
1660 1274 1680 1310 ‚
1715 1236 1796 1294 ut
1826 1222 2217 1319 plurimum
2235 1277 2256 1313 ,
2292 1221 2695 1295 sistebatur.

1655 1517 2166 1586 CAPITULUM
2220 1517 2338 1588 lv,

913 1720 990 1770 De
1027 1718 1186 1788 longa
1222 1716 1586 1788 protractione
1625 1714 1846 1767 miseria
1890 1727 1941 1766 et
1979 1713 2289 1766 calamitatis
2331 1713 2559 1766 civitatis
2598 1713 2950 1785 ‘ijeetemit
2986 1731 3045 1766 ex

1485 1793 1492 1804 ’
1542 1800 1742 1854 malitia
1770 1817 1989 1852 suorum
2018 1810 2371 1870 tyrannorum
2401 1799 2440 1852 ¹.

1011 1981 1126 2052 Sic
1169 1982 1440 2077 itaque,
1485 1994 1564 2049 ut
1607 1980 1843 2078 prius,
1890 1979 2146 2050 misera
2197 1979 2446 2050 civitas
2486 1977 2621 2050 sub
2673 1975 3045 2050 interdicto

913 2098 1311 2198 apostolico
1378 2111 1447 2168 et
1502 2095 1636 2166 sub
1697 2095 2167 2168 anathematis
2224 2095 2640 2192 gravissima
2705 2120 3041 2186 censura,

913 2213 1156 2312 quoad
1206 2240 1328 2286 eos
1376 2215 1569 2311 ipsos
1621 2213 1747 2309 qui
1785 2212 2243 2310 occupabant
2288 2212 2487 2284 bona
2531 2227 2658 2284 aut
2716 2213 2883 2308 jura
2944 2213 3045 2282 sui

914 2330 1310 2428 pontificis,
1373 2331 1486 2400 vel
1556 2329 2084 2426 occupantibus
2152 2329 2536 2418 auxilium,
2622 2329 3042 2418 consilium,

911 2447 1024 2517 vel
1062 2447 1377 2519 favorem
1412 2447 1488 2517 in
1523 2471 1608 2516 ea
1657 2470 1732 2515 re
1779 2443 2245 2542 praestabant,
2286 2461 2357 2518 et
2409 2443 2544 2516 sub
2598 2444 3043 2542 impiissimo-

913 2589 1075 2633 rum
1115 2563 1497 2635 hominum
1541 2561 1959 2658 tyrannide,
2013 2562 2086 2632 in
2139 2562 2466 2632 omnium
2512 2560 2605 2632 ad
2652 2585 2861 2631 usum
2897 2560 3043 2631 vitae

915 2681 1474 2750 necessariorum
1530 2678 1833 2776 penuria
1880 2691 1951 2747 et
1998 2678 2279 2748 caristia
2314 2675 2699 2771 languebat
2746 2701 2875 2774 per
2921 2700 3045 2746 an-

917 2820 1050 2866 nos
1085 2821 1311 2892 prope
1347 2796 1553 2866 duos.
1604 2800 1689 2864 Et
1723 2795 2052 2891 quamvis
2087 2795 2161 2864 in
2199 2792 2677 2864 conventibus
2708 2791 3040 2863 Praedica·

915 2927 1149 2981 torum
1195 2927 1265 2982 et
1309 2911 1668 2980 Minoi-um
1700 2967 1717 2998 ‚
1758 2911 1879 3006 qui
1934 2909 2306 3007 capitalius
2353 2908 2604 2979 odium
2648 2908 2917 2979 caeteris
2960 2906 3039 2979 ad

916 3025 1329 3124 pontificem
1367 3025 1634 3097 habere
1682 3025 2150 3113 dicebantur,
2190 3022 2699 3118 nonnullisque
2744 3023 2899 3093 aliis
2938 3048 3043 3094 ec-

916 3144 1178 3234 clesiis,
1217 3170 1342 3214 seu
1392 3158 1763 3241 premente
1800 3158 1996 3213 metu
2031 3168 2155 3212 seu
2196 3140 2677 3212 obstinatione
2715 3139 3038 3222 nefanda,

916 3263 1370 3335 interdictum
1404 3263 1696 3333 minime
1730 3259 2254 3348 observaretur,
2291 3260 2365 3330 in
2392 3255 2782 3328 cathedrali
2816 3271 3041 3327 tamen

918 3394 986 3450 et
1023 3381 1244 3451 sancti
1302 3377 1648 3448 Johannis
1695 3375 2069 3470 collegiata
2103 3374 2458 3460 ecclesiiS,
2502 3387 2585 3444 ut
2628 3397 2842 3469 supra
2884 3371 3040 3442 dixi-

926 3521 1118 3584 muS,
1163 3492 1579 3567 servabatur
1602 3497 1645 3561 ².
2274 3571 2282 3579 .

1014 3609 1610 3682 Terminabantur
1665 3609 1934 3679 interea
1979 3632 2161 3704 saepe
2210 3620 2279 3675 et
2334 3604 2838 3676 indicebantur
2890 3630 3042 3676 con·

921 3744 1171 3799 ventus
1237 3752 1370 3824 pro
1427 3751 1602 3823 pace
1665 3724 2036 3795 tractanda
2094 3747 2289 3793 nunc
2357 3723 2431 3793 in
2479 3722 3037 3817 Haga-Comiu's,

922 3871 1114 3916 nunc
1165 3844 1238 3914 in
1295 3842 1810 3931 Busco-DuciS,
1867 3864 2063 3912 nunc
2113 3839 2187 3908 in
2245 3839 2680 3910 monasterio
2740 3837 2832 3907 de
2885 3841 3041 3908 Oes-

1001 4089 1061 4142 1.
1107 4083 1376 4160 Chapitre
1419 4080 1685 4157 imprime
1737 4078 1878 4134 dans
1922 4077 2003 4133 lcs
2049 4081 2323 4132 Analecta
2362 4075 2435 4132 de
2471 4074 2771 4132 Matthaeus
2819 4087 2873 4130 et
2912 4071 3037 4128 dan,

920 4183 1332 4254 l'Amplissima
1357 4178 1628 4232 collectio.

1001 4277 1059 4332 2.
1105 4271 1399 4331 Gi-dessus
1425 4315 1438 4339 ,
1472 4292 1530 4348 p.
1565 4271 1703 4326 1:26.
