3400 5417
1227 504 1448 562 LIBER
1502 501 1802 562 PRIMUS.
2466 505 2531 561 3¹
2548 507 2581 561 3

444 652 686 710 rantes
730 638 840 710 vel
882 662 968 708 ex
1013 637 1157 708 hoc
1198 636 1555 708 dictorum
1610 652 2021 710 nostrorum
2077 662 2583 732 germanorum

443 752 766 854 pericula
797 756 1149 844 minuere,
1189 779 1355 824 cum
1398 779 1519 825 rex
1551 755 1808 826 merito
1844 770 2117 827 tantam
2144 754 2475 826 saeviendi
2507 756 2580 825 in

444 895 576 943 eos
609 871 1097 962 occasionem,
1157 872 1383 941 nostri
1417 895 1630 942 causa
1656 925 1671 956 ‚
1708 871 2008 969 posthac
2052 896 2199 943 non
2235 871 2533 944 haberet
2558 929 2577 964 ,

442 988 573 1086 qui
607 988 680 1058 in
721 1002 941 1078 terra,
980 1011 1199 1082 quam
1242 985 1376 1056 sibi
1413 986 1748 1058 hostilem
1786 1001 2173 1083 utcumque
2208 987 2320 1058 vel
2357 988 2584 1058 inimi-

441 1128 610 1177 cam
658 1104 969 1200 reputari
1005 1103 1492 1193 audieramus,
1554 1104 1853 1175 minime
1889 1105 2361 1176 voluissemus
2406 1129 2582 1174 con-

442 1222 714 1292 sistere.
758 1224 1026 1293 Revera
1052 1235 1225 1291 tunc
1254 1245 1388 1291 nec
1416 1219 1778 1292 Sahaudia
1814 1245 1947 1291 nec
1980 1221 2227 1292 civitas
2254 1221 2409 1318 ipsa
2439 1223 2584 1290 Ge-

444 1335 835 1406 bennensis
877 1335 1216 1406 adversus
1265 1361 1432 1407 eum
1474 1336 1879 1408 inimicitias
1932 1336 2112 1407 ullas
2166 1336 2279 1407 vel
2333 1335 2587 1408 habuit

443 1453 564 1524 vel
625 1452 980 1545 ostendit,
1047 1453 1211 1524 licet
1286 1469 1426 1524 tres
1488 1453 1807 1551 praedicti
1876 1454 2198 1548 germani
2264 1453 2587 1550 partibus

443 1569 652 1640 ducis
690 1568 1312 1664 Burgundionum,
1363 1568 1980 1665 quemadmodum
2018 1569 2387 1640 retulimus
2412 1623 2430 1658 ,
2469 1569 2589 1640 ad-

443 1685 831 1756 haesissent.
896 1690 1056 1755 Dux
1117 1687 1308 1754 enim
1365 1685 1767 1777 Sabaudiae,
1826 1686 1950 1780 qui
2017 1711 2339 1757 sororem
2406 1687 2590 1779 regis

441 1800 763 1874 habebat
792 1802 864 1871 in
900 1801 1342 1897 conjugem¹,
1373 1817 1443 1872 et
1479 1803 1680 1897 cujus
1706 1825 2120 1896 germanam
2155 1825 2444 1899 quoque
2469 1826 2589 1872 rex

445 1918 651 1988 duxit
691 1919 760 1987 in
799 1922 1156 2007 uxooem‘,
1210 1919 1615 1989 inimicitias
1650 1917 1884 1988 nullas
1928 1917 2019 1988 ad
2072 1942 2309 2012 regem
2346 1917 2590 1988 obser·

441 2033 698 2124 vabat3
739 2035 865 2105 sed
899 2059 972 2104 se
1009 2059 1092 2104 ac
1127 2049 1350 2104 terras
1385 2059 1547 2105 suas
1586 2032 1926 2104 omnibus
1970 2059 2429 2126 communeS,
2469 2059 2593 2104 cu-

433 2152 867 2246 juscumque
894 2151 1206 2247 partium
1240 2165 1364 2220 aut
1391 2151 1769 2222 nationum
1799 2165 2064 2238 essent,
2104 2175 2189 2222 ac
2226 2150 2487 2221 liberas
2520 2166 2587 2220 et

442 2282 632 2338 tutas
709 2267 1259 2364 prudentissime
1325 2267 1724 2352 continuit,
1783 2267 2029 2338 alienis
2090 2267 2396 2362 querelis
2452 2268 2588 2337 mi-

446 2385 643 2454 nime
670 2408 742 2453 se
781 2383 1147 2478 implicare
1183 2382 1498 2452 studens.

551 2503 771 2569 Porro
814 2522 980 2567 cum
1031 2499 1368 2569 Basileam
1425 2498 1981 2594 appulissemuS,
2026 2513 2103 2568 ut
2139 2523 2259 2569 rex
2303 2499 2392 2569 de
2447 2498 2590 2569 hoc

447 2616 709 2684 certior
754 2613 1155 2684 efficeretur
1205 2629 1276 2684 et
1326 2613 1416 2684 ad
1455 2614 1832 2711 praedictos
1882 2629 2165 2686 nostros
2213 2639 2590 2709 germanos

445 2729 685 2797 minus
753 2751 977 2796 saevus
1047 2725 1490 2812 redderetur,
1562 2728 2069 2799 testimoniales
2127 2727 2391 2797 litteras
2460 2751 2590 2823 per

447 2843 822 2941 proprium
883 2844 1297 2912 servitorem
1354 2843 1446 2913 ad
1505 2869 1711 2914 suam
1766 2845 2039 2914 curiam
2083 2846 2405 2914 misimus
2452 2844 2585 2914 sub

445 2959 675 3053 sigillo
712 2958 1008 3028 civitatis
1041 2958 1388 3054 ejusdem,
1435 2973 1511 3029 ut
1546 2961 1609 3029 ei
1644 2975 2001 3030 constaret
2033 2962 2437 3056 quomodo,
2478 2987 2585 3030 re-

445 3077 613 3146 licta
666 3073 1057 3164 Sabaudia,
1119 3075 1260 3143 illic
1316 3073 1880 3146 consistebamus
1944 3091 2014 3145 et
2069 3102 2200 3172 pro
2264 3093 2585 3174 tempore

447 3190 934 3275 morabamur,
975 3206 1226 3260 contra
1257 3215 1474 3285 quam
1508 3191 1868 3260 civitatem
1907 3191 2178 3261 nullam
2216 3192 2586 3265 adversam

445 3306 926 3402 suspicionem
980 3306 1234 3375 merito
1285 3304 1550 3376 habere
1601 3320 1863 3400 posset.
1916 3304 2055 3373 Sed
2106 3304 2305 3398 quod
2350 3330 2432 3376 ea
2477 3333 2585 3377 res

455 3424 690 3519 ipsum
738 3423 849 3491 vel
912 3421 1004 3491 ad
1054 3446 1219 3509 nos,
1285 3423 1394 3491 vel
1439 3421 1529 3491 ad
1578 3421 1806 3490 dictos
1865 3435 2145 3491 nostros
2207 3446 2584 3516 germanos

443 3538 946 3632 benigniorem
980 3539 1325 3626 effecerit,
1373 3538 1777 3608 nullatenus
1812 3539 2283 3634 percepimus,

529 3741 588 3797 1.
636 3740 824 3812 Voyez
853 3736 1159 3808 ci—dessus,
1191 3757 1252 3814 p.
1293 3741 1430 3794 311.

525 3833 583 3890 2.
622 3830 912 3888 Charlotte
941 3830 1012 3889 de
1041 3833 1266 3891 Savoie.
