3400 5417
892 507 1010 564 480
1438 500 1955 561 HISTORIARUM
1996 497 2353 561 Lun‘ovlcl
2393 505 2480 560 xl

896 641 1060 710 tutis
1094 641 1168 711 in
1204 663 1292 710 eo
1337 638 1548 710 fuisse
1582 637 1997 735 reperimus,
2041 639 2163 706 Est
2189 635 2384 705 enim
2411 635 2755 708 fortitudo
2793 639 3015 709 excel-

891 756 1044 828 lens
1081 757 1302 828 animi
1352 755 1770 850 magnitudo
1821 753 1915 825 ad
1966 752 2345 824 obeundos
2398 751 2683 824 labores
2723 765 2797 824 et
2838 756 3020 851 peri-

895 874 1088 966 cula,
1154 873 1248 944 ad
1303 871 1860 971 propulsandaS,
1924 895 2075 940 non
2136 867 2231 940 ad
2278 867 2685 940 inserendas
2739 870 3019 964 injurias

894 1013 1028 1087 pro
1063 992 1284 1062 salute
1331 989 1726 1061 communi.
1782 991 1882 1059 Ea
1922 987 2377 1058 enim·animi
2410 987 2651 1079 elath),
2690 1011 2849 1084 quae
2880 1013 3019 1059 eer-

897 1107 1088 1175 nitur
1118 1108 1193 1176 in
1233 1106 1562 1204 periculis
1589 1119 1660 1177 et
1690 1103 2083 1196 laboribus,
2118 1103 2176 1174 si
2198 1103 2467 1198 justitia
2494 1114 2702 1175 vacat
2731 1115 3021 1201 pugnat-

896 1245 1034 1316 que
1073 1244 1222 1292 non
1257 1241 1390 1319 pro
1427 1222 1650 1305 salute
1685 1220 2080 1310 communi,
2109 1218 2234 1289 sed
2257 1243 2390 1316 pro
2420 1218 2565 1288 suis
2596 1219 3015 1307 commodis,

897 1338 967 1406 in
1007 1338 1178 1408 vitio
1213 1353 1353 1426 est,
1401 1353 1479 1408 ut
1515 1338 1749 1432 inquit
1781 1339 2029 1406 Cicero
2061 1335 2395 1433 praeclare
2433 1335 2506 1405 in
2549 1336 2695 1405 suis
2730 1335 3015 1406 Officiis.

899 1455 1079 1524 Hinc
1121 1471 1225 1525 est
1271 1469 1342 1524 et
1383 1454 1558 1524 illud
1609 1453 2027 1549 praeclarum
2078 1453 2441 1523 Platonis:
2495 1477 2531 1520 α
2570 1452 2769 1522 Sicut
2799 1453 3016 1544 enirn,

898 1570 1152 1666 inquit,
1193 1573 1485 1643 scientia
1517 1595 1672 1666 quae
1713 1585 1989 1642 remota
2019 1584 2124 1640 est
2156 1593 2199 1640 a
2228 1569 2496 1664 justitia
2529 1569 2876 1654 calliditas
2900 1594 3024 1668 po-

899 1688 1035 1758 tius
1068 1711 1286 1785 quam
1321 1689 1611 1758 scientia
1645 1701 1751 1758 est
1794 1686 2254 1785 appellanda,
2294 1686 2390 1756 ita
2434 1687 2717 1756 animus
2746 1701 3023 1783 paratus

897 1803 990 1874 ad
1047 1805 1479 1902 periculum,
1534 1806 1589 1873 si
1641 1827 1771 1874 sua
1833 1803 2221 1900 cupiditate
2275 1803 2515 1899 potius
2569 1827 2791 1899 quam
2842 1827 3025 1874 com-

899 1921 1100 1990 muni
1141 1921 1437 1990 utilitate
1475 1919 1885 2016 impellitur,
1934 1917 2246 1989 audaciae
2286 1919 2525 2014 potius
2581 1941 2851 1989 nomen
2904 1919 3025 1990 ha·

901 2034 1020 2103 bet
1062 2061 1280 2132 quam
1332 2035 1786 2106 fortitudinis.
1832 2063 1867 2102 »
1922 2038 2166 2103 Fortes
2208 2033 2424 2128 igitur
2471 2044 2544 2104 et
2597 2035 3027 2130 magnanimi

901 2168 1065 2223 sunt
1113 2155 1466 2245 habendi,
1534 2179 1683 2223 non
1745 2154 1869 2248 qui
1916 2151 2212 2238 faciunt,
2260 2152 2385 2222 sed
2432 2153 2862 2250 propulsant
2902 2175 3025 2250 pro

901 2271 1268 2340 communi
1317 2270 1610 2341 utilitate
1656 2269 2011 2363 injuriam.

1000 2389 1163 2455 Haec
1194 2400 1432 2457 autem
1463 2400 1702 2457 utrum
1733 2369 2041 2475 homini,
2081 2383 2170 2452 de
2205 2407 2353 2478 quo
2388 2382 2601 2452 nobis
2638 2406 2877 2454 sermo
2905 2395 3022 2473 est,

903 2502 1360 2591 conveniant,
1404 2503 1572 2571 etin
1609 2525 1696 2570 eo
1734 2499 2032 2568 inveniri
2067 2500 2457 2595 potuerint,
2493 2497 3019 2592 inquirendum.

1004 2619 1241 2688 Primo
1291 2617 1582 2712 quidem
1636 2618 1710 2686 in
1780 2641 1868 2686 eo
1929 2615 2020 2686 ad
2072 2614 2410 2685 obeunda
2463 2615 2778 2711 pericula
2846 2614 3029 2685 nulla

902 2735 1182 2804 videtur
1227 2735 1434 2804 fuisse
1478 2734 1696 2803 animi
1750 2732 2196 2827 magnimdo,
2246 2734 2343 2802 ita
2388 2732 2708 2829 profecto
2756 2745 2870 2824 ut,
2911 2758 3029 2802 nec

903 2873 1068 2923 eum
1121 2876 1278 2918 vere
1315 2851 1660 2920 audacem
1707 2849 1949 2944 (quod
1990 2849 2245 2918 vitium
2280 2865 2383 2919 est
2430 2849 2830 2920 fortitudini
2872 2876 3031 2920 con-

909 2965 1230 3058 trarium)
1255 3023 1273 3056 ‚
1313 2967 1436 3036 sed
1479 2965 1809 3034 timidum
1844 2966 2116 3061 potiuS‚
2154 2965 2674 3060 pusillanimem
2717 2991 2800 3036 ac
2846 2967 3029 3063 fuga·

905 3105 1060 3151 cem
1095 3083 1328 3153 dicere
1368 3082 1783 3152 debeamus,
1826 3087 2019 3152 Duas
2067 3106 2359 3175 magnas
2393 3083 2884 3179 expeditiones
2914 3109 3029 3181 per

907 3199 1358 3294 semetipsum
1386 3201 1761 3269 adversum
1784 3199 2040 3269 ducem
2070 3201 2444 3268 Britanniae
2473 3199 2797 3270 ductasse
2828 3225 3026 3298 supra

908 3314 1332 3384 remlimus1.
1397 3320 1468 3383 ln
1529 3316 1789 3410 prima,
1842 3339 2009 3382 cum
2056 3329 2228 3384 tunc
2266 3329 2445 3382 esset
2497 3313 2710 3384 frater
2749 3341 2919 3386 suus
2962 3320 3025 3387 in

912 3433 1293 3518 Britannia,
1332 3458 1793 3527 congregasse
1837 3433 1926 3501 de
1970 3447 2122 3501 toto
2166 3457 2384 3525 regno
2420 3456 2550 3501 suo
2582 3433 2936 3504 serebatur
2962 3436 3023 3504 in

909 3550 1398 3619 Cenomannia
1441 3574 1652 3645 supra
1698 3549 2060 3643 octoginta
2105 3548 2323 3619 millia
2359 3549 2679 3645 peditum
2732 3565 2801 3618 et
2840 3552 3027 3644 equi-

909 3676 1084 3731 turn.
1136 3664 1270 3732 Sed
1309 3690 1474 3732 cum
1520 3679 1658 3734 tam
1708 3664 2025 3735 xalidum
2062 3667 2401 3758 coegisset
2444 3665 2868 3755 exercitum,
2908 3690 3027 3734 nec

910 3777 1220 3847 hostium
1281 3805 1611 3866 auorum,
1675 3780 1935 3874 quibus
1990 3783 2308 3877 proxime
2352 3781 2714 3870 adstabat,
2764 3779 3026 3875 ingredi

908 3908 1160 3982 terras»,
1208 3921 1338 3963 ne(-
1386 3897 1779 3992 quidquam
1832 3898 2191 3991 egregium
2244 3911 2585 3968 attentare
2634 3921 2845 3966 ausus
2889 3911 3021 3984 est3

909 4010 1029 4077 sed
1059 4035 1264 4079 exesa
1307 4027 1374 4079 et
1409 4036 1694 4106 prorsus
1725 4014 2081 4084 exinanita
2115 4014 2343 4110 patria
2378 4015 2492 4084 illa
2530 4013 3026 4084 Ceuomanniae

995 4255 1051 4308 1.
1098 4254 1160 4306 T.
1195 4254 1286 4314 11,
1321 4271 1376 4326 p.
1418 4255 1531 4309 486
1563 4267 1610 4308 e·
1649 4256 1786 4311 298.
