3400 5417
1124 594 1128 597 ,
1164 523 1384 583 Lmen
1440 526 1744 589 SEXTUS.
2445 532 2509 587 31

387 651 720 725 eamdem
749 654 1120 729 ecclesiam
1158 656 1304 728 suis
1339 657 1683 731 thesauris
1717 673 1788 730 et
1824 658 2177 755 jocalibus
2210 659 2519 755 antiquis

391 770 660 865 majore
701 794 786 841 ex
821 786 1019 868 parte
1059 774 1426 870 spoliasset
1460 803 1477 845 ε
1527 774 1753 869 quod,
1805 799 1848 846 a
1890 775 2011 847 tali
2060 776 2398 847 scelerato
2433 800 2519 847 ac

387 888 630 983 rapaci
663 888 987 959 ministro
1026 904 1380 987 patratum
1431 890 1668 962 forsan
1691 946 1712 984 ‚
1750 891 1822 960 in
1867 915 2106 986 regem
2163 893 2519 963 insontem

387 1014 604 1096 atque
621 1000 995 1072 innoxium
1032 1003 1441 1098 intorquere
1469 1002 1654 1074 fama
1668 1016 2023 1099 potuerat.

485 1120 637 1186 Hac
689 1117 926 1211 itaque
975 1118 1255 1189 civitate
1281 1132 1487 1189 utens
1540 1141 1667 1190 rex
1700 1143 1833 1215 pro
1870 1117 2102 1210 libito,
2141 1134 2213 1190 et
2253 1122 2327 1191 in
2358 1145 2518 1193 eam

385 1231 754 1305 advocans
804 1256 1136 1329 magnam
1167 1249 1444 1332 partem
1475 1259 1765 1305 suarum
1800 1237 2206 1332 copiarum,
2234 1241 2521 1309 Hanno-

387 1348 526 1417 niae
548 1371 757 1442 agros
797 1348 960 1443 igne
983 1404 1002 1439 ,
1043 1347 1226 1419 serro
1263 1363 1476 1445 atque
1499 1350 1769 1448 rapinis
1801 1351 2133 1449 populari
2156 1375 2523 1446 aggressus,

384 1479 492 1535 est
519 1518 539 1553 ‚
577 1478 648 1534 et
675 1465 749 1533 in
783 1488 868 1535 ea
895 1465 1132 1562 plures
1164 1466 1363 1536 villas
1399 1466 1702 1564 optimas
1728 1466 2063 1537 incendio
2096 1468 2414 1539 vastavit.

1117 1757 1628 1825 CAP1TULUM
1684 1760 1800 1825 IX.

465 1943 542 1993 De
565 1940 954 2011 expugnatione
981 1939 1169 2012 oppidi
1201 1949 1445 2007 Aoesnes,
1476 1941 1626 1994 ducis
1656 1942 1886 1995 Geldriae
1912 1944 2053 1996 caede
2070 1986 2083 2007 ‚
2112 1958 2160 1997 et
2190 1947 2448 1998 exercitus

834 2025 1226 2095 Flamingorum
1259 2026 1630 2097 profligatione
1653 2040 1703 2079 et
1729 2027 2076 2099 dispersione.

491 2212 729 2279 Castra
763 2208 974 2277 etiam
1000 2223 1251 2278 contra
1275 2206 1624 2306 oppidum
1649 2209 1956 2280 Avennis
1975 2211 2212 2307 posuit
2228 2266 2246 2301 ‚
2280 2210 2349 2279 in
2373 2236 2517 2306 quo

383 2350 475 2395 ex
507 2320 882 2393 Brabantia
917 2336 982 2391 et
1012 2324 1393 2393 Hannonia
1425 2322 1829 2419 praesidium
1866 2324 2167 2393 militum
2207 2326 2517 2399 locatum

387 2435 766 2505 exstiterat.
808 2434 947 2520 Qui
977 2449 1223 2504 contra
1246 2439 1682 2504 Francorum
1721 2436 2064 2532 impetum
2103 2450 2172 2506 et
2212 2435 2520 2510 obsidio-

389 2570 557 2615 nem
593 2544 942 2643 oppidum
971 2544 1239 2615 fortiter
1260 2546 1532 2641 aliquot
1552 2546 1805 2618 diebus
1835 2550 2036 2619 tutati
2068 2564 2253 2618 sunt.
2298 2554 2517 2623 Porro

387 2687 558 2731 cum
590 2662 755 2732 totis
779 2660 1047 2731 viribus
1079 2663 1284 2755 regii,
1325 2663 1448 2757 qui
1486 2687 1749 2755 magno
1786 2679 1986 2734 erant
2036 2689 2365 2758 numerO,
2401 2667 2518 2737 de-

378 2777 585 2872 jectis
621 2778 934 2873 primum
973 2777 1525 2874 propugnaculis
1571 2793 1638 2848 et
1686 2780 2093 2848 tutamentis
2141 2782 2512 2875 moenium,

387 2917 797 2989 expugnare
817 2892 1215 2963 statuissent
1235 2892 1583 2990 oppidum
1607 2949 1624 2980 ,
1649 2893 1811 2963 lieet
1828 2908 2108 2965 strenue
2125 2897 2287 2966 satis
2306 2921 2517 2991 agen-

390 3000 584 3072 tibus
624 3004 747 3099 qui
800 3003 938 3072 illic
984 3028 1116 3100 pro
1154 3004 1563 3075 defensione
1608 3003 2027 3096 adstabant,
2077 3006 2366 3078 tandem
2415 3024 2517 3081 ta-

391 3143 556 3188 men
594 3116 686 3189 ab
725 3116 1213 3187 obsessoribus
1237 3134 1718 3215 expugnatum
1748 3120 2097 3218 oppidum
2130 3138 2201 3193 et
2229 3140 2515 3221 captum

388 3232 577 3321 fuit¹‚
637 3229 954 3327 factaque
1013 3229 1107 3300 ibi
1148 3230 1370 3301 caedes
1420 3233 1725 3328 plurima
1761 3234 2020 3302 civium
2067 3250 2138 3303 et
2169 3235 2469 3307 aliorum
2494 3296 2511 3329 ‚

389 3372 575 3443 quos
599 3346 833 3443 primo
863 3348 1129 3444 impetu
1166 3347 1467 3416 victores
1506 3349 1755 3419 Franci
1792 3347 2045 3419 obvios
2078 3349 2508 3423 habuerunt.

390 3466 594 3561 Capti
631 3465 915 3534 suerunt
942 3464 1082 3534 illic
1119 3464 1452 3535 dominus
1471 3464 1560 3534 de
1585 3464 2060 3535 Culenbzcrclz²
2083 3482 2151 3536 et
2184 3467 2517 3539 dominus

390 3579 484 3649 de
521 3582 860 3669 Pet-west,
910 3604 1072 3648 cum
1111 3579 1473 3648 nonnullis
1519 3580 1670 3649 aliis
1727 3579 2120 3669 nobilibus,
2176 3584 2297 3679 qui
2342 3583 2515 3654 inibi

389 3695 485 3765 ad
519 3694 894 3765 tutandum
925 3693 1272 3790 oppidum
1304 3694 1575 3763 {nerant
1611 3694 2002 3765 collocati&

478 3888 531 3941 1.
584 3885 658 3939 12
688 3882 814 3955 juin
843 3885 1021 3939 1477.

473 3980 532 4035 2.
579 3974 836 4051 Gaspard
855 4023 871 4048 ‚
902 3974 1164 4051 seigneur
1192 3974 1262 4029 de
1291 3973 1674 4049 Culenbourg.

475 4074 530 4126 3.
580 4071 774 4126 Pet-mi
789 4068 928 4125 dans
945 4068 997 4124 le
1013 4088 1119 4123 ms..
1136 4068 1280 4123 C'est
1298 4067 1474 4123 Henri
1492 4066 1562 4122 de
1585 4071 1831 4136 Hornes,
1848 4070 2110 4145 seigneur
2124 4070 2192 4127 de
2208 4072 2509 4127 Peruvvels.

473 4168 528 4220 ἰι.
581 4168 687 4219 Les
719 4162 919 4218 nobles
961 4181 1020 4217 se
1062 4161 1329 4217 livrerent
1376 4160 1588 4236 nmlgre
1633 4161 1682 4216 la
1714 4181 2049 4227 commune,
2088 4164 2183 4238 qui
2219 4164 2512 4221 combattit

377 4255 614 4332 jusqu'ii
645 4257 697 4311 la
727 4254 988 4311 ‹lerniere
1017 4254 1334 4309 exn-emite.
1376 4253 1626 4310 Molinet.
1661 4268 1698 4309 ι.
1738 4258 1819 4316 11,
1853 4256 1942 4311 ch.
1983 4276 2119 4312 x1011.
