3400 5417
1122 546 1344 603 LIBER
1383 546 1686 606 PRIMUS.
2365 551 2478 605 309

329 678 654 775 jusmodi
710 677 938 769 color,
995 701 1214 774 quem
1270 675 1364 748 ad
1403 676 1856 749 suadendum
1902 679 2049 774 regi
2104 703 2237 776 pro
2300 678 2487 750 ohti-

337 795 583 866 nenda
623 792 1025 866 revertendi
1076 794 1362 865 licentia
1406 793 1981 865 obtendebamus
2008 848 2025 883 ,
2092 795 2274 888 regis
2334 798 2490 866 ani-

338 939 543 986 mum
603 913 697 985 ad
765 911 1219 983 retinendum
1280 936 1412 982 nos
1472 912 1631 1005 illo,
1699 910 2298 1011 prosequentibus
2354 912 2489 983 illis

339 1029 699 1101 sceleratis
765 1044 836 1100 et
893 1028 1134 1125 impiis
1185 1027 1607 1100 hominibus
1632 1084 1649 1119 ,
1710 1029 2020 1099 maxime
2071 1025 2481 1099 inducebat.

341 1151 518 1234 Quae
555 1171 667 1218 res
708 1171 838 1243 per
874 1170 1008 1217 nos
1046 1145 1287 1239 agnita
1334 1170 1420 1215 ex
1459 1145 1711 1217 talium
1757 1147 1981 1217 relatu
2023 1145 2485 1236 nuntiorum,

339 1261 436 1334 ab
533 1263 844 1334 amicitia
940 1260 1152 1332 nobis
1236 1261 1837 1357 conjunctissimis
1915 1260 2435 1332 destinatorum
2466 1315 2485 1350 ‚

341 1381 596 1451 anxios
629 1405 761 1451 nos
782 1378 992 1451 valde
1016 1393 1230 1473 atque
1266 1378 1568 1477 pavidos
1607 1379 1941 1471 faciebat,
1981 1394 2495 1474 cognoscentes

339 1497 561 1568 talem
602 1497 696 1569 ad
743 1522 876 1568 nos
927 1521 1168 1590 regem
1206 1523 1290 1566 ex
1331 1498 1708 1569 calumniis
1753 1498 2225 1596 pessimorum
2253 1497 2490 1568 homi-

343 1638 524 1683 num
558 1637 799 1707 gerere
843 1611 1312 1683 voluntatem.
1370 1618 1511 1683 Nec
1559 1613 1884 1710 profecto
1919 1613 2233 1709 quietem
2277 1612 2495 1684 ullam

341 1730 571 1800 animi
603 1729 716 1799 vel
746 1729 1071 1825 corporis
1097 1727 1404 1799 subinde
1434 1730 1757 1800 invenire
1800 1731 2192 1827 potuimuS‚
2232 1727 2491 1819 donec,

341 1842 720 1916 Sabaudiae
767 1859 988 1915 terras
1022 1845 1363 1938 ingressi,
1407 1845 1601 1915 velut
1645 1869 1889 1942 passer
1928 1860 2210 1942 ereptus
2261 1843 2352 1915 de
2402 1843 2501 1913 la-

345 1961 546 2055 queis
583 1961 1036 2049 venantium,
1092 1961 1335 2031 divina
1390 1986 1523 2031 nos
1575 1975 1995 2058 protegente
2043 1976 2112 2030 et
2151 1959 2499 2055 dirigente

346 2077 734 2148 clementia
757 2133 776 2167 ,
817 2076 908 2146 de
945 2077 1158 2147 tantis
1192 2077 1528 2173 periculis
1560 2075 1842 2147 liberati
1872 2077 2164 2146 fuimus·

449 2197 611 2262 Haec
662 2192 873 2287 igitur
941 2193 1316 2262 necessitas
1378 2217 1511 2262 nos
1546 2193 1772 2263 tenuit
1825 2217 1981 2288 quae.
2036 2206 2253 2263 terras
2292 2192 2497 2286 regiae

347 2311 641 2381 ditionis
696 2311 884 2380 exire
937 2310 1432 2406 compelleret,
1477 2312 1533 2380 si
1581 2326 1839 2381 nostra».
1889 2311 2132 2400 saluti,
2184 2311 2237 2381 si
2292 2309 2499 2381 liber-

347 2428 515 2514 tati,
592 2428 646 2496 si
717 2427 869 2495 vita·
927 2427 1335 2496 consultum
1402 2451 1550 2496 esse
1619 2427 1983 2497 vellemus.
2051 2431 2192 2498 Nec
2256 2441 2497 2498 tamen

347 2541 720 2611 omisimus
753 2564 1003 2610 curare
1046 2554 1114 2608 et
1164 2555 1478 2634 satagere
1526 2555 1604 2609 ut
1637 2542 1820 2635 regis
1862 2542 2186 2611 animum
2236 2539 2327 2610 ad
2361 2541 2499 2610 cle-

349 2647 695 2728 mentiam
734 2681 900 2753 erga
960 2681 1115 2744 nOS,
1168 2657 1224 2726 si
1276 2653 1658 2728 exorabilis
1699 2657 1975 2746 suisset,
2021 2657 2489 2726 flecteremus.

350 2779 530 2845 Nam
570 2789 640 2844 et
675 2799 804 2871 per
843 2799 1050 2844 suum
1079 2771 1495 2869 praedietum
1535 2774 1898 2861 nuntium,
1935 2774 2058 2870 qui
2093 2797 2253 2843 suas
2289 2772 2501 2842 nobis

345 2892 686 2990 epistolas
743 2892 1195 2980 reddiderat,
1247 2908 1316 2962 et
1358 2893 1619 2963 deinde
1676 2919 1804 2990 per
1840 2894 2217 2990 proprium
2262 2893 2501 2989 capel-

346 3010 644 3097 lanum,
700 3035 913 3106 quem
965 3009 1179 3104 hujus
1236 3011 1334 3078 rei
1396 3012 1616 3104 gratia
1665 3010 1757 3080 ad
1818 3012 2049 3108 ipsum
2104 3026 2175 3081 et
2226 3011 2503 3081 curiam

345 3149 559 3196 suam
609 3126 930 3196 misimus
956 3180 974 3212 ‚
1015 3127 1282 3197 litteras
1334 3125 1426 3194 ad
1473 3152 1640 3195 eum
1677 3127 2086 3224 scripsimus
2134 3127 2337 3195 omni
2373 3125 2502 3194 hu·

347 3242 649 3313 militate
709 3258 776 3312 et
825 3246 1215 3313 reverentia
1258 3243 1539 3340 pleuaS‚
1581 3242 1844 3337 quibus
1878 3243 2290 3340 suppliciter
2334 3267 2503 3311 exo-

349 3356 691 3428 rabamus
717 3359 1153 3453 majestatem
1192 3383 1394 3427 suam
1425 3373 1777 3453 quatenus
1815 3383 1949 3427 nos
1974 3358 2067 3427 ad
2098 3373 2315 3427 terras
2349 3357 2503 3426 illas

347 3476 739 3547 Cataloniae
775 3477 1029 3546 reverti
1077 3477 1371 3545 minime
1417 3491 1737 3570 urgeret,
1783 3476 1906 3546 sed
1952 3477 2237 3547 licentia
2285 3501 2327 3546 a
2362 3477 2503 3546 cle-

351 3594 621 3663 mentia
669 3618 794 3663 sua
861 3592 1071 3663 nobis
1120 3593 1434 3677 indulta,
1479 3594 1567 3663 de
1615 3618 1757 3687 qua
1804 3594 1969 3664 satis
2012 3617 2224 3689 supra
2258 3593 2504 3662 memi-

349 3711 616 3796 nimus,
659 3711 871 3806 potiri
907 3725 975 3780 et
1011 3708 1319 3804 gaudere
1359 3710 1831 3805 permitteret3
1870 3710 2017 3794 vel,
2070 3710 2125 3778 si
2160 3710 2501 3806 placitum

351 3853 504 3896 non
549 3842 728 3896 esset
762 3827 996 3896 eidem
1033 3852 1173 3895 sua¹
1213 3827 1559 3920 majestati
1595 3842 1670 3896 ut
1715 3825 1897 3896 iufra
1935 3826 2129 3918 regni
2172 3827 2280 3895 sui
2324 3827 2503 3894 limi-

347 3959 458 4011 tes
494 3967 968 4024 moraremur,
1010 3944 1328 4012 coutenti
1379 3967 1660 4012 eramus
1701 3941 1911 4028 alibi,
1968 3966 2087 4011 seu
2137 3942 2207 4009 in
2262 3942 2499 4024 ltalia,

347 4085 476 4128 seu
515 4060 584 4128 in
623 4059 1048 4140 Germania,
1099 4059 1444 4152 quamdiu
1491 4084 1623 4127 uos
1661 4059 1889 4154 patria
1927 4057 2171 4128 abesse
2215 4058 2278 4126 ei
2314 4057 2506 4126 colli-

347 4176 617 4247 buisset
644 4230 662 4262 ,
708 4175 1120 4246 delitescere.
1156 4191 1224 4244 et
1255 4175 1582 4245 exsulari.

455 4291 1052 4388 Proponebamus
1113 4293 1326 4361 etiam
1396 4293 1866 4361 excusationis
1923 4315 2213 4374 causas,
2282 4313 2502 4385 quare
