3400 5417
1244 532 1458 585 LIBER
1502 531 1806 589 SEXTUS.
2478 532 2593 588 105

454 662 697 733 tannis
754 685 1088 757 magnam
1141 660 1673 732 multitudinem
1733 662 1806 730 in
1867 662 2010 731 suis
2066 662 2385 756 saginare
2441 685 2594 758 pas-

456 777 697 847 cuosis
748 790 819 847 et
862 776 1296 873 palustribus
1344 775 1544 846 locis.
1587 774 1895 867 Aiebant
1937 772 2286 845 abductos
2338 774 2586 866 fuisse,

452 907 711 991 praeter
737 894 873 964 alia
908 893 1131 964 multa
1164 919 1320 990 quae
1364 894 1438 963 in
1472 891 1789 991 praedam
1840 892 2158 963 similiter
2190 905 2588 979 cesserunt,

454 1033 673 1106 super
720 1008 912 1078 mille
958 1022 1027 1078 et
1079 1007 1427 1078 ducentos
1459 1006 1729 1098 boveS‚
1779 1007 1904 1101 qui
1929 1008 2079 1101 jam
2113 1005 2205 1077 ad
2234 1004 2593 1076 deducen-
2647 1067 2654 1075 .

454 1124 635 1194 dum
690 1124 782 1196 ad
850 1124 1209 1196 nundinas
1248 1122 1816 1220 hujusce[modi]
1859 1138 2388 1215 armentorum,
2440 1149 2595 1219 quae

455 1240 712 1310 iisdem
753 1240 1200 1338 temporibus
1235 1240 1575 1311 celebrari
1613 1240 1846 1311 solent
1879 1240 1952 1309 in
1989 1240 2342 1337 plerisque
2376 1240 2588 1332 lociS,

454 1358 716 1428 maturi
756 1371 969 1452 atque
1006 1359 1233 1455 parati
1264 1372 1487 1427 erant.

557 1472 697 1542 Sed
750 1471 1245 1567 hujuscemodi
1302 1474 1698 1544 calamitate
1758 1472 1918 1542 licet
1982 1472 2285 1566 graviter
2340 1473 2589 1562 attriti,

456 1588 687 1659 nihilo
722 1602 955 1658 tamen
992 1587 1290 1686 [minus]
1329 1590 1777 1683 magistratus
1827 1587 2073 1685 oppidi
2116 1614 2240 1658 seu
2273 1587 2596 1659 factionis

454 1702 677 1773 duces
717 1703 1008 1775 emolliti
1064 1720 1267 1795 sunt,
1330 1706 1453 1775 sed
1506 1729 1782 1802 semper
1841 1705 2064 1799 magis
2123 1728 2205 1775 ac
2259 1705 2480 1798 magis
2522 1706 2593 1773 in

455 1816 919 1889 acerbitatem
967 1820 1113 1889 odii
1168 1835 1382 1914 atque
1427 1821 1958 1891 inimicitiarum
2001 1822 2070 1890 in
2117 1846 2322 1890 suum
2358 1822 2595 1918 ponti-

458 1935 669 2005 ficem
724 1950 797 2005 et
849 1951 1210 2033 pastorem
1273 1951 1730 2023 exarserunt,
1774 1938 1931 2006 licet
1995 1963 2126 2007 nec
2182 1938 2434 2030 ullam,
2492 1939 2591 2008 vel

456 2052 832 2123 minimam
869 2052 1368 2146 hujuscemodi
1417 2052 1563 2123 odii
1618 2052 2066 2149 probabilem
2101 2055 2264 2123 satis
2311 2079 2596 2124 causam

457 2167 697 2237 dicere
735 2168 843 2239 vel
881 2168 1283 2265 approbare
1322 2170 1754 2266 potuissent3
1796 2194 1960 2240 cum
1999 2170 2315 2266 profecto
2345 2171 2597 2263 justius·

454 2308 545 2353 ac
605 2284 838 2354 verius
898 2300 966 2354 et.
1025 2286 1114 2356 de
1172 2286 1339 2383 ipsis
1398 2285 1960 2379 Trajectensibus
2031 2285 2219 2355 idem
2280 2286 2594 2382 pontifex

457 2397 697 2469 dicere
738 2415 1019 2497 poterat
1066 2402 1262 2498 quod
1314 2401 1403 2472 de
1455 2402 1705 2495 iniquo
1743 2401 2148 2471 Judaeorum
2197 2404 2266 2471 in
2318 2428 2388 2471 se
2428 2403 2596 2471 odio

455 2514 782 2586 Salvator
814 2532 1053 2588 noster
1088 2517 1259 2586 dixit
1287 2574 1305 2605 ‚
1346 2517 1958 2611 quemadmodum
1988 2518 2060 2586 in
2091 2518 2458 2610 evangelio
2489 2524 2598 2588 Jo-

456 2628 719 2702 hannis
751 2633 1082 2727 legimus:
1125 2665 1157 2698 t<
1195 2634 1383 2702 Odio
1416 2635 1662 2729 iniquo
1695 2633 2104 2704 habuerunt
2135 2661 2246 2706 me
2285 2636 2528 2728 gratis3
2559 2665 2592 2701 »

456 2762 527 2817 et
554 2748 749 2841 quod
789 2752 860 2819 in
896 2750 1169 2847 psalmo
1200 2751 1289 2820 de
1319 2776 1405 2820 eo
1432 2766 1759 2821 cantatur
1786 2777 1798 2819 :
1835 2780 1868 2817 «
1897 2752 2084 2836 Quia
2110 2749 2596 2820 retribuebant

459 2862 637 2933 mihi
683 2866 869 2936 mala
906 2891 1037 2962 pro
1074 2864 1326 2953 bonis;
1379 2899 1408 2929 »
1449 2881 1514 2935 et
1550 2866 1858 2961 plurima
1893 2866 2414 2961 hujuscemodi.

562 2983 1030 3049 Procurrente
1097 2996 1334 3051 autem
1407 2980 1904 3074 hujuscemodi
1975 2982 2311 3051 odiorum
2387 2997 2598 3076 atque

458 3097 992 3167 inimicitiarum
1038 3096 1233 3166 rabie
1284 3122 1365 3166 ac
1408 3096 1679 3181 surore,
1737 3096 1862 3164 diu
1909 3097 2152 3166 civitas
2201 3097 2597 3191 Trajecten-

458 3215 645 3283 sium
675 3270 693 3303 ,
760 3212 892 3282 sub
965 3213 1239 3283 caristia
1310 3237 1612 3281 anuonw
1685 3211 2300 3308 plurimarumque
2362 3237 2592 3281 rerum

456 3329 785 3400 humano
834 3330 989 3398 usui
1041 3330 1591 3399 necessariarum
1649 3330 1983 3398 atrociter
2032 3345 2355 3422 gravata,
2404 3330 2597 3399 elan-

461 3447 647 3539 guit,
686 3461 757 3514 et
796 3445 979 3515 fame
1013 3460 1076 3515 et
1108 3502 1123 3535 ,
1168 3470 1323 3539 quae
1368 3444 1533 3514 inde
1583 3445 1775 3514 nasci
1812 3445 2084 3531 solent,
2121 3446 2332 3514 variis
2367 3444 2598 3514 homi-

462 3586 641 3630 num
681 3560 1067 3650 mondum,
1110 3560 1379 3630 morbis
1414 3576 1624 3655 atque
1665 3558 2201 3653 {egritudinibus
2253 3561 2590 3632 extabuit.

462 3684 569 3747 lta
603 3679 795 3747 enim
853 3678 1151 3747 invaluit
1200 3677 1450 3766 samm,
1504 3676 1599 3744 ol)
1655 3678 2007 3747 caristiam
2067 3677 2478 3746 xictualium
2532 3692 2590 3746 et

462 3796 914 3891 pauperiem,
950 3818 1166 3887 quam
1196 3792 1388 3889 apud
1414 3794 1754 3886 majorem
1785 3793 2030 3889 populi
2071 3793 2591 3862 multitudinem

460 3913 663 3980 furor
724 3910 1018 3980 bellicus
1076 3912 1523 4007 importarat‚
1586 3924 1661 3977 ut
1726 3909 1994 4003 ubique
2060 3935 2186 4004 per
2262 3911 2454 3976 rivos
2532 3925 2595 3977 et

461 4028 733 4123 plateas
776 4028 907 4095 viri
954 4051 1035 4096 ac
1089 4027 1449 4112 mulierCS,
1490 4024 1610 4095 sed
1646 4026 1915 4118 majore
1955 4051 2253 4094 numero
2289 4027 2484 4119 pueri
2531 4040 2592 4094 et

464 4143 805 4231 infantes,
843 4143 1023 4212 velut
1065 4142 1487 4210 simulachra
1527 4166 1649 4209 seu
1694 4156 2142 4209 mortuorum
2185 4140 2454 4208 umbra·
2487 4166 2598 4207 su-

460 4282 591 4353 per
628 4274 886 4327 terram
922 4256 1366 4327 ambulantes
1394 4260 1627 4353 potius
1660 4274 2100 4353 putarentur.
