3400 5417
839 504 954 561 378
1694 502 2110 573 Arctoam,

932 632 1078 706 Alia
1101 647 1233 725 est,
1272 631 1472 729 quod
1500 632 1577 702 in
1608 656 2065 729 quacumque
2089 654 2330 722 causa,
2367 633 2516 704 sive
2535 631 2630 705 de
2657 635 2982 733 proprie·

740 844 747 853 Ἴ
834 761 1004 841 tate,
1061 750 1208 822 sive
1268 747 1359 821 de
1411 749 1890 847 possessione,
1952 747 2101 821 sive
2152 747 2243 820 de
2299 772 2549 821 annuo
2597 773 2822 822 censu
2867 752 2983 824 vel

833 865 1068 939 reditu
1089 922 1109 959 ,
1164 880 1289 939 aut
1334 866 1495 962 jure
1558 864 1659 936 rei
1713 859 2103 938 immobilis
2144 864 2762 964 qualitercumque
2808 892 2982 966 aga-

834 997 974 1071 tur,
1032 982 1231 1054 nulla
1272 980 1353 1052 fit
1397 980 1912 1053 condemnatio
1961 1006 2470 1080 expensarum,
2525 1008 2694 1055 cum
2739 999 2982 1058 tamen

834 1121 983 1168 non
1018 1097 1387 1169 omittatur
1416 1099 1645 1169 victus
1673 1098 2002 1170 mulctari
2033 1099 2364 1196 pecunia.
2400 1102 2505 1171 lta
2540 1097 2620 1170 fit
2639 1114 2720 1171 ut
2745 1102 2984 1174 nullus

830 1236 1307 1311 expensarum
1344 1227 1568 1307 metu,
1606 1214 1733 1311 qui
1772 1214 2042 1285 multos
2081 1236 2266 1311 saepe
2299 1214 2598 1287 retrahit
2636 1240 2682 1288 a
2709 1216 2986 1314 litigan-

830 1326 964 1414 do,
1005 1326 1151 1398 sive
1188 1328 1472 1425 agendo
1505 1328 1653 1401 sive
1686 1327 2146 1401 defendendo
2185 1327 2650 1424 cohibeatur3
2684 1331 2814 1404 sed
2855 1357 2984 1405 au-

830 1442 1077 1517 dacter
1113 1446 1632 1542 unusquisque,
1670 1470 1717 1518 a
1745 1469 1894 1541 quo
1931 1470 2186 1518 census
2225 1446 2486 1542 aliquis
2515 1446 2820 1519 domino
2849 1473 2984 1522 suo

830 1576 953 1636 aut
976 1564 1095 1659 jus
1127 1563 1323 1634 aJiud
1365 1561 1697 1651 debetur,
1735 1578 1990 1636 contra
2028 1562 2412 1634 dominum
2441 1577 2567 1635 aut
2605 1565 2984 1637 concivem

829 1701 951 1749 seu
1002 1678 1323 1753 vicinum
1386 1704 1597 1751 suum
1654 1679 1903 1773 litiget,
1963 1694 2198 1751 certus
2238 1676 2436 1774 quod
2455 1730 2475 1771 ‚
2521 1680 2654 1751 etsi
2707 1680 2984 1754 nullam

827 1793 1283 1892 probabilem
1316 1819 1603 1869 causam
1628 1794 1954 1891 litigandi
1989 1820 2158 1867 eum
2189 1793 2526 1867 habuisse
2557 1796 2980 1887 constiterit,

828 1910 1010 1984 liber
1058 1926 1303 1984 tamen
1350 1911 1671 1984 manebit
1719 1936 1764 1984 a
1810 1911 2421 1983 condemnatione
2451 1934 2979 2009 expensarum.

830 2030 932 2097 Ex
970 2051 1119 2124 quo
1166 2027 1416 2100 dietim
1463 2028 1702 2099 evenit
1747 2042 1862 2115 ut,
1900 2030 1958 2098 si
1992 2028 2153 2123 quis
2187 2050 2483 2098 censum
2527 2028 2742 2099 unius
2773 2028 2988 2101 solidi

831 2145 1170 2243 prosequi
1194 2144 1541 2242 litigando
1567 2144 1901 2247 voluerit,
1934 2169 2103 2215 cum
2127 2143 2371 2242 patriae
2392 2143 2981 2239 consuetudines,

831 2280 901 2337 et
931 2267 1297 2363 potissime
1320 2264 1448 2336 ubi
1479 2265 1794 2336 ostensio
1831 2289 1957 2335 seu
1983 2264 2330 2336 exhibitio
2359 2264 2688 2335 locorum
2718 2265 2989 2362 petitur

835 2381 1485 2478 (quemadmodum
1519 2382 1933 2476 regulariter
1959 2382 2035 2452 in
2079 2379 2418 2452 omnibus
2456 2379 2721 2451 talibus
2753 2384 2986 2454 causis

833 2496 983 2568 fieri
1016 2498 1257 2592 solet),
1282 2498 1439 2568 lites
1465 2512 1589 2569 aut
1615 2498 2067 2592 longissimas
2089 2496 2350 2567 saciant
2367 2509 2491 2566 aut
2511 2496 2980 2589 immortales,

832 2628 1046 2710 atque
1079 2614 1473 2685 diutissime
1500 2627 1921 2710 prosecutus
1945 2635 2236 2683 causam
2266 2634 2495 2701 suam,
2526 2610 2820 2682 tandem
2850 2636 2983 2710 pro

831 2750 906 2796 se
938 2728 1364 2797 sententiam
1401 2724 1832 2817 obtinuerit,
1880 2749 2049 2795 cum
2089 2724 2302 2794 nullae
2334 2720 2473 2793 sibi
2509 2721 2987 2796 refundantur

830 2866 1182 2939 expensae,
1223 2842 1425 2913 illum
1482 2842 1657 2912 tanti
1708 2841 1962 2911 emerit
1992 2840 2244 2934 quanti
2287 2838 2542 2910 decem
2587 2839 2700 2910 vel
2735 2840 2985 2934 viginti

838 2957 1043 3027 initio
1100 2956 1243 3026 litis
1302 2956 1391 3027 de
1447 2955 1809 3055 pecuniiS,
1868 2980 2047 3051 quas
2096 2952 2440 3051 litigando
2493 2956 2981 3053 consumpsit,

830 3098 1067 3145 emere
1096 3075 1479 3172 potuisset3
1512 3088 1581 3144 et
1610 3074 1738 3164 sic,
1772 3098 1941 3143 cum
1964 3073 2192 3143 victor
2215 3096 2362 3143 esse
2387 3086 2678 3169 putetur
2693 3072 2827 3169 (uti
2855 3098 2988 3172 par

830 3192 1068 3285 esset),
1127 3192 1355 3262 victus
1397 3206 1637 3264 tamen
1694 3190 2295 3289 perniciosissime
2343 3204 2417 3260 et
2466 3213 2636 3260 cum
2666 3191 2982 3262 maximo

832 3306 939 3374 sui
1003 3306 1436 3377 detrimento
1497 3319 1866 3378 remaneat
1923 3332 1937 3374 ε
2005 3306 2322 3376 lucretur
2385 3326 2614 3375 unum
2671 3305 2984 3377 solidum

831 3445 1121 3514 censuS,
1162 3446 1295 3519 pro
1331 3448 1479 3519 quo
1514 3424 1753 3494 forsan
1789 3425 2118 3492 centum¹
2153 3434 2277 3492 aut
2315 3422 2622 3520 amplius
2654 3422 2984 3519 perdide·

834 3539 949 3631 rit,
984 3552 1055 3607 et
1083 3538 1236 3609 haec
1270 3538 1442 3611 dolo
1476 3555 1547 3611 et
1580 3538 1900 3635 nequitia
1921 3536 2306 3609 adversarii
2331 3553 2456 3610 aut
2485 3538 2736 3611 saltem
2765 3541 2984 3638 ipsius

833 3657 1260 3749 temeritate,
1317 3683 1475 3752 quae
1522 3672 1713 3730 certe
1756 3656 2007 3727 victori
2061 3654 2414 3728 damnosa
2463 3680 2614 3727 esse
2669 3680 2818 3728 non
2856 3657 2984 3728 de·

833 3772 1059 3843 beret.

918 3982 972 4035 1.
1023 3980 1100 4037 Ce
1143 3976 1350 4037 chiffre
1385 3979 1457 4036 de
1486 3991 1616 4037 cent
1653 3998 1788 4036 sous
1834 3978 2189 4057 correspond
2217 3998 2292 4037 au
2325 3979 2580 4057 premier
2607 3992 2792 4037 terme
2819 3978 2892 4037 de
2917 3980 2974 4038 la

836 4074 1193 4151 supposition
1231 4072 1367 4131 saite
1412 4072 1557 4131 dans
1605 4073 1659 4130 le
1693 4071 1955 4131 membre
1981 4072 2054 4130 de
2083 4072 2296 4151 phrase
2321 4072 2670 4150 precedent,
2709 4101 2734 4125 a
2769 4073 2970 4149 quanti

834 4170 1020 4224 decem
1065 4169 1161 4227 vel
1206 4168 1413 4247 viginti
1452 4186 1646 4225 emere
1672 4169 1972 4247 potuisset.
2009 4191 2038 4222 ἰ
2074 4166 2184 4227 Les
2222 4182 2359 4227 cens
2397 4186 2472 4227 au
2503 4180 2602 4225 xv·
2631 4166 2803 4227 siecle
2829 4185 2968 4247 rap—

836 4264 1117 4337 portaient
1150 4280 1217 4320 en
1255 4276 1544 4340 moyenne
1577 4268 1650 4321 10
1681 4280 1832 4341 pour
1863 4268 1976 4321 100
2009 4264 2084 4322 du
2115 4264 2246 4343 prix
2275 4265 2347 4323 de
2380 4264 2508 4323 leur
2535 4262 2898 4339 acquisitiva.
