3400 5417
846 478 960 535 398
1486 478 1726 536 INDEX
1769 476 2327 537 CAPrrULonmt.

842 670 1161 727 (ἔνι-επακ
1188 690 1297 729 xn.
1320 701 1397 717 —-
1422 672 1503 726 De
1526 670 1663 725 dolis
1681 682 1735 723 et
1753 669 1954 740 laqueis
1975 668 2132 723 nobis
2159 668 2520 743 multipliciter
2542 618 2968 733 intenntianm

913 774 1048 829 quos
1074 755 1365 831 effugiendi
1386 756 1557 830 gatis
1585 756 1643 809 in
1666 751 1990 809 sabaudiam
2014 752 2255 809 venimus
2264 791 2821 811 ................
2865 752 2966 810 303

842 882 1160 939 Cina-mm:
1182 904 1311 941 xm.
1339 914 1412 929 -
1441 886 1519 941 De
1540 883 1774 939 adventu
1796 883 1972 938 nuntii
1994 882 2134 955 regis
2155 880 2227 937 ad
2249 900 2351 937 nos
2375 881 2650 937 Gebennis
2664 922 2683 951 ‚
2707 900 2831 940 cum

791 984 799 994 ·
912 969 1145 1042 epistolis
1164 983 1216 1024 et
1234 969 1496 1025 mandatis
1506 1005 2822 1025 .....................................
2869 970 2972 1023 30⁶

840 1094 1157 1149 Carmo:
1190 1113 1342 1153 xvm.
1368 1125 1439 1138 —
1460 1097 1540 1148 De
1582 1112 1733 1147 mora
1767 1093 1932 1147 trium
1973 1092 2231 1147 mensium
2266 1094 2403 1148 facta
2439 1094 2741 1158 Gebennis,
2780 1106 2834 1149 et

907 1178 1173 1233 calumnia
1202 1194 1484 1252 propterea
1515 1192 1701 1235 contra
1728 1196 1829 1231 nos
1857 1190 2087 1245 structu
2112 1191 2164 1231 et
2185 1177 2461 1249 quomodo
2493 1176 2832 1233 indemna-

907 1260 1078 1314 vimus
1098 1263 1354 1316 Basileam
1359 1299 2816 1317 .........................................
2861 1264 2958 1316 31¹

836 1348 1158 1403 Con-nram
1189 1368 1302 1406 xxx.
1326 1381 1399 1394 —
1419 1350 1713 1418 Quomodo
1737 1350 1903 1403 nostri
1925 1360 2309 1422 persecutores,
2339 1368 2441 1404 nos
2463 1368 2492 1403 e
2513 1352 2710 1405 seculo
2733 1351 2828 1404 mi-

906 1453 1081 1505 grasse
1130 1436 1490 1510 confingentes
1512 1479 1528 1506 ,
1576 1436 1848 1489 ecclesiam
1889 1446 2128 1488 nostram
2145 1475 2162 1501 ‚
2199 1447 2452 1505 tanquam
2488 1454 2588 1508 per
2621 1436 2826 1501 obitum

906 1531 1149 1572 nostrum
1184 1534 1478 1589 vacantem,
1509 1532 1633 1575 sunt
1656 1519 1955 1592 prosecuti,
1993 1530 2046 1571 et
2080 1517 2148 1571 de
2181 1519 2406 1571 transitu
2433 1537 2498 1571 ex
2533 1520 2738 1574 Basilea
2769 1538 2828 1573 m

906 1602 1251 1657 Brabantiam
1264 1639 2818 1659 ............................................
2862 1604 2968 1657 314

836 1730 1157 1785 Currum!
1179 1750 1271 1789 xx.
1300 1760 1368 1775 —
1392 1734 1473 1785 De
1508 1730 1611 1784 alia
1650 1730 1954 1803 gravissima
1999 1730 2266 1783 calumnia
2281 1770 2299 1797 ,
2348 1743 2402 1785 et
2439 1729 2827 1785 interventione

905 1814 1058 1870 ducis
1077 1815 1370 1887 Aquitania
1393 1834 1494 1887 pro
1516 1816 1675 1869 nobis
1685 1852 2818 1871 ................................
2862 1814 2968 1868 317

833 1940 1151 1995 Cumas:
1192 1958 1306 1997 ιιι.
1346 1968 1421 1985 -·
1448 1940 1529 1993 De
1578 1938 1748 2011 poenis
1791 1938 1987 2011 quibus
2032 1951 2642 2025 nosti-oversecutores
2683 1944 2826 2001 Deus

902 2026 1112 2099 punivit
1138 2062 2816 2085 ...............................................
2861 2028 2958 2081 32¹

831 2154 1151 2209 Cunnum
1184 2171 1315 2207 xxn.
1340 2182 1412 2196 —
1435 2150 1730 2219 Quomodo
1760 2150 2028 2225 prodictio
2060 2152 2231 2207 causis
2265 2164 2318 2207 et
2348 2152 2610 2208 violentiis
2639 2154 2825 2228 prohi-

900 2238 1000 2291 biti
1044 2256 1225 2291 sumus
1264 2235 1536 2290 ecclesiam
1576 2249 1841 2307 repetere,
1886 2248 1937 2289 et
1975 2234 2125 2306 quod
2167 2234 2235 2289 de
2265 2237 2500 2293 absonia
2538 2250 2720 2293 nostra
2754 2237 2824 2293 ab

903 2320 1087 2375 eadem
1114 2322 1370 2375 fuerimus
1397 2338 1682 2390 sumusque
1707 2319 2092 2374 rationabiliter
2122 2321 2354 2375 excusati
2366 2359 2816 2377 .............
2860 2321 2965 2375 324

830 2448 1147 2503 Carnutum
1168 2465 1319 2502 xxm.
1349 2474 1421 2488 —
1444 2444 1689 2518 Objectio
1719 2457 1906 2498 contra
1931 2445 2296 2499 exeusationes
2319 2445 2640 2517 premissus,
2671 2458 2724 2500 et
2751 2444 2825 2505 ad

902 2550 1019 2586 eam
1041 2532 1316 2603 responsio
1323 2567 1510 2587 ......
1526 2530 1537 2537 “
1533 2567 2813 2585 ....................................
2859 2530 2965 2584 328

828 2668 1148 2722 Cur-rums:
1171 2682 1316 2720 xxrv.
1341 2696 1413 2707 —
1436 2665 1637 2718 Iterum
1664 2664 1768 2717 alia
1792 2662 2023 2735 objectio
2053 2676 2103 2716 et
2127 2662 2196 2717 ad
2223 2680 2338 2716 eam
2362 2663 2640 2735 responsio
2652 2701 2810 2719 .....
2856 2664 2954 2717 331

829 2800 1151 2853 Curi-unm
1181 2816 1305 2850 xxv.
1327 2826 1400 2838 —
1426 2798 1492 2850 In
1526 2815 1637 2867 quo
1673 2808 1957 2868 ponuntur
1987 2807 2039 2849 et
2064 2795 2181 2848 alie
2211 2794 2565 2866 objectiones,
2598 2793 2671 2848 ad
2691 2813 2823 2866 quas

901 2882 1059 2937 etiam
1091 2879 1444 2953 respondetur
1456 2916 2809 2935 ......................................
2858 2880 2964 2933 336

828 3006 1147 3059 Cur-tumn
1184 3021 1328 3055 xxv1.
1371 3033 1443 3043 —
1476 3002 1718 3069 Qualiter
1757 3002 1808 3055 vi
1846 3002 2061 3073 precisa
2093 3002 2311 3055 ecclesia
2346 3014 2398 3055 et
2421 3002 2595 3075 patria
2627 3004 2822 3076 procul

898 3091 1077 3143 abesse
1100 3088 1268 3142 coacti
1299 3105 1479 3140 sumus
1489 3124 2810 3143 .....................................
2855 3090 2963 3145 339

827 3227 1147 3280 Csrrruum
1178 3240 1341 3277 xxva.
1376 3251 1449 3263 —
1478 3221 1638 3273 Plura
1678 3219 1978 3273 testimonia
2017 3219 2317 3274 divinarum
2357 3221 2740 3293 scripturarum
2771 3235 2824 3276 et

902 3309 1285 3364 catholicorum
1334 3305 1618 3358 doctorum
1658 3303 1729 3356 ad
1770 3304 2230 3358 confirmationem
2275 3323 2484 3374 eorum,
2516 3324 2635 3376 quae
2679 3305 2822 3360 dicta

898 3408 1041 3462 sunt,
1066 3391 1213 3464 quod
1235 3392 1439 3444 licitum
1464 3391 1529 3442 sit
1544 3408 1598 3443 se
1623 3390 1934 3442 subtrahere
1957 3389 2162 3444 saevitioe
2187 3391 2638 3463 persequentium,
2659 3392 2817 3447 etiam

898 3480 1233 3533 ecclesiarum
1256 3475 1554 3530 rectoribus
1569 3512 2808 3531 ...................................
2855 3475 2959 3527 343

826 3594 1145 3649 Curi-mmm
1181 3609 1369 3643 xxvm.
1412 3620 1481 3629 —
1506 3590 1711 3642 Iterum
1739 3588 1838 3641 alia
1862 3587 2162 3642 testimonia
2180 3587 2250 3642 ad
2277 3587 2420 3642 idem
2432 3628 2807 3644 ...........
2854 3592 2956 3643 344

828 3710 1143 3763 Currumm
1165 3726 1308 3759 xxrx.
1344 3736 1416 3747 —
1438 3707 1517 3757 De
1553 3705 1654 3759 alia
1687 3703 1952 3757 calumnia
1993 3724 2056 3757 ac
2093 3706 2455 3777 persecutione
2485 3707 2541 3759 in
2574 3708 2814 3779 personis

899 3792 1197 3866 conjunctis
1222 3792 1378 3845 nobis
1401 3792 1599 3844 inflicta
1608 3830 2806 3847 ..................................
2853 3794 2958 3848 345

828 3922 1146 3973 Curi-uum
1170 3936 1297 3971 xxx.
1324 3947 1391 3958 —
1416 3917 1629 3982 Quibus
1657 3916 1827 3967 causis
1850 3915 2086 3987 impulsi,
2113 3914 2339 3968 cedendi
2360 3915 2616 3988 regimine
2640 3918 2813 3971 eccle-

901 4006 986 4058 βίω
1018 4015 1211 4057 nostroe
1240 4002 1520 4055 eonsilium
1544 4000 1844 4071 accepimus
1857 4038 2807 4056 ...........................
2855 4003 2954 4056 349
