3400 5417
936 490 1012 545 96
1480 482 1992 540 HISTORIARUM
2032 482 2387 541 LUDovlcl
2425 484 2516 543 xl

936 643 1153 717 quam
1174 674 1193 710 ,
1231 618 1383 688 sine
1405 614 1628 686 dubio
1650 670 1669 706 ,
1718 614 1930 709 longe
1964 614 2267 711 amplior
2292 638 2630 687 numerus
2655 620 2934 689 eorum¹
2959 614 3046 687 de

934 729 1463 807 honestioribus
1514 728 1790 800 civibus
1806 785 1825 821 ,
1897 726 2020 825 qui
2067 728 2160 799 ad
2189 729 2590 827 parendum
2612 744 2825 825 atque
2854 728 3052 803 obse-

936 848 1305 949 quendum
1334 871 1464 919 suo
1496 844 1818 944 pontifici
1871 844 2386 939 afficiebantur,
2442 846 2827 942 exsisteret)
2868 848 3050 943 quis-

937 989 1076 1062 que
1157 977 1308 1036 erat
1375 962 1498 1058 qui
1571 976 1822 1034 contra
1900 961 2184 1035 decreta
2237 962 2350 1033 vel
2425 951 3048 1035 inordinatissimas

935 1079 1305 1153 rebellium
1351 1078 1760 1151 affectiones
1792 1080 2048 1151 mutire
2098 1078 2390 1151 auderet
2433 1107 2450 1149 z
2503 1080 2578 1150 in
2612 1093 2816 1153 tanto
2863 1094 3050 1151 metu

935 1223 1019 1269 ac
1051 1197 1263 1268 minis
1295 1195 1823 1294 premebantur.

1036 1318 1260 1410 Atque
1314 1337 1515 1405 cum,
1558 1310 1822 1383 infecto
1860 1312 2053 1409 pacis
2110 1314 2394 1407 negotio
2413 1368 2432 1403 ,
2492 1312 2698 1407 legati
2762 1312 3050 1386 civitatis

939 1429 1241 1502 domum
1278 1454 1361 1500 ex
1404 1427 1784 1500 Brabantia
1815 1429 2261 1499 revertissent
2284 1484 2302 1520 ,
2343 1453 2684 1524 magnum
2732 1429 3048 1501 ruthero-

937 1572 1099 1617 rum
1133 1570 1509 1616 numerum
1535 1599 1553 1636 ,
1602 1544 1924 1638 equitum
1983 1557 2194 1637 atque
2236 1541 2557 1640 peditum
2593 1600 2612 1636 ,
2654 1542 3051 1617 rebellionis

942 1675 1267 1733 auctores
1308 1660 1814 1756 undecumque
1871 1672 2236 1755 poterant,
2292 1658 2777 1748 adsciverunt3
2845 1662 2948 1733 ita
2983 1676 3052 1733 ut

941 1774 1212 1872 absque
1262 1772 1673 1845 difficultate
1693 1829 1713 1865 ,
1757 1773 1812 1843 si
1856 1773 1956 1843 eis
1994 1771 2345 1867 libuisset,
2379 1789 2449 1845 et
2488 1774 2794 1873 diripere
2829 1776 3055 1848 civita-

937 1906 1119 1983 tem,
1174 1904 1246 1961 et
1306 1890 1494 1961 cives
1548 1888 1900 1960 trucidare
1957 1890 2386 1986 potuissent,
2456 1892 2587 1962 nisi
2637 1890 2780 1962 hoc
2821 1891 3051 1963 divina

940 2007 1295 2079 miseratio
1329 2006 1709 2077 avertisset.
1755 2008 1936 2075 Cum
1970 2004 2083 2076 his
2115 2006 2351 2103 itaque
2388 2006 2753 2105 praedandi
2779 2029 2868 2078 ac
2899 2032 3052 2105 spo-

944 2124 1165 2196 liandi
1223 2123 1736 2215 instrumentis,
1793 2122 2057 2217 junctis
2093 2148 2257 2193 cum
2313 2125 2412 2195 eis
2435 2123 2750 2217 civibuS,
2788 2124 3056 2220 quoties

940 2254 1010 2311 et
1070 2240 1161 2311 ad
1224 2264 1535 2336 quorum
1606 2262 1986 2308 numerum
2037 2238 2429 2309 rectoribus
2463 2240 2812 2337 imperare
2875 2240 3054 2311 colli-

940 2355 1241 2448 buisset,
1322 2356 1623 2454 patriam
1647 2411 1666 2448 ,
1754 2369 1903 2425 tam
1978 2379 2176 2426 suam
2200 2411 2219 2447 ,
2316 2381 2532 2453 quam
2607 2356 3055 2429 Hollandiam

940 2472 1287 2564 vicinam,
1349 2472 1784 2542 incursantes
1853 2468 1977 2565 (id
2033 2470 2268 2568 ipsum
2324 2472 2534 2543 etiam
2594 2472 3055 2570 stipendiariis

945 2588 1260 2685 episcopi
1289 2600 1358 2656 et
1390 2583 1782 2655 Hollandiae
1816 2608 1856 2652 e
1886 2582 2164 2655 diverso
2199 2584 2719 2683 referentibus),
2749 2611 3060 2684 quaqua-

944 2726 1227 2772 versum
1252 2757 1270 2793 ,
1318 2724 1547 2793 ,usque
1593 2698 1684 2769 ad
1747 2698 1880 2768 tria
1940 2712 2012 2769 et
2068 2716 2375 2796 quatuor
2416 2702 2740 2773 milliaria
2775 2705 3052 2801 patriae,

942 2815 1315 2907 incendiis,
1377 2812 1685 2885 caedibus
1717 2837 1800 2883 ac
1853 2814 2117 2911 rapinis
2173 2831 2508 2890 vastatam
2531 2874 2550 2911 ,
2594 2818 2924 2893 abrasam
2952 2820 3058 2892 de·

944 2944 1343 3025 sertamque
1377 2929 1714 3000 fecerunt.

1627 3224 2129 3293 CAPITULUM
2181 3227 2423 3295 XXVI.

947 3416 1237 3479 Quomodo
1262 3418 1620 3488 Trajectenses
1634 3418 1910 3471 dominum
1937 3422 2369 3491 Enghelbertum,
2391 3425 2600 3478 fratrem
2628 3426 2778 3479 ducis
2792 3425 3056 3488 Clivensis,

1020 3502 1072 3552 in
1116 3502 1297 3573 patriae
1332 3502 1661 3557 defensorem
1694 3503 2057 3571 adsciverunt3
2091 3518 2142 3559 et
2171 3506 2239 3559 de
2270 3508 2418 3561 clade
2447 3510 2866 3582 Trajectensium
2897 3512 2950 3564 in
2981 3510 3058 3563 die

1019 3588 1181 3639 sancti
1209 3588 1479 3657 Stephani,
1517 3602 1563 3641 et
1594 3608 1782 3659 magna
1812 3588 2031 3642 civitatis
2056 3590 2396 3648 desolatione.

1050 3780 1382 3851 Fidentes
1430 3808 1645 3878 porro
1719 3798 2027 3854 rectores
2075 3786 2372 3856 civitatis
2423 3812 2496 3858 se
2560 3813 2708 3859 non
2756 3792 3058 3886 potuisse

950 3898 1287 3990 consequi
1319 3922 1601 3994 pacem,
1659 3925 1876 3995 quam
1942 3899 2206 3971 habere
2267 3921 2718 3999 speraverant.
2762 3922 2882 3977 aut
2918 3934 3057 4004 spe-

952 4036 1137 4082 rasse
1175 4010 1520 4083 finxerant
1555 4039 1676 4085 seu
1738 4015 2273 4109 simulaverant,
2313 4042 2476 4089 cum
2534 4018 2714 4092 duce
2780 4027 3055 4096 Austriae

1034 4220 1085 4272 1.
1135 4221 1241 4273 Les
1274 4212 1423 4272 deux
1458 4227 1636 4271 textes
1662 4217 2036 4276 introduisent
2058 4221 2128 4277 ici
2155 4240 2232 4277 un
2261 4238 2401 4278 esset
2429 4238 2548 4283 tout
2576 4230 2608 4283 a
2638 4228 2736 4285 fait
2761 4228 2980 4288 inutile.
