3400 5417
864 509 978 565 350
1715 506 2097 562 AroLoou
2123 549 2139 576 ,

858 639 1135 710 verensi
1166 653 1649 736 exposuerunt
1692 638 2056 733 angustias
2089 650 2161 707 et
2192 650 2424 709 metus
2467 638 2544 707 in
2575 638 2856 735 quibus,
2893 640 2994 710 ob

858 754 1141 827 servitia
1175 778 1219 826 a
1250 778 1324 825 se
1357 754 1567 825 nobis
1597 753 1917 825 exhibita
1951 768 2023 824 et
2059 776 2272 825 causa
2307 754 2560 841 nostri,
2597 768 2798 827 erant
2831 780 3000 827 con·

859 871 1083 941 stituti
1107 927 1125 964 ,
1181 894 1627 969 pavoresque
1668 870 1934 965 quibus
1981 870 2133 941 sine
2185 870 2335 942 ulla
2379 871 2772 943 cessatione
2818 872 2997 944 affli-

861 985 1235 1081 gebantur,
1266 986 1443 1057 dum
1478 1011 1629 1057 non
1656 986 1852 1058 aliud
1883 1009 2118 1082 neque
2142 986 2300 1083 ipsi,
2333 1010 2568 1083 neque
2591 988 2820 1058 caeteri
2845 988 2994 1083 qui,

860 1105 970 1174 vel
1010 1103 1391 1175 scribendo
1424 1102 1538 1173 vel
1574 1101 1665 1173 ad
1709 1101 2234 1174 nos-veniendo
2261 1158 2280 1194 ,
2315 1126 2442 1173 seu
2492 1127 2833 1175 nummos
2871 1102 3000 1177 de·

864 1219 1192 1313 ferendO,
1278 1218 1492 1290 nobis
1554 1218 2078 1308 ministrarant,
2163 1218 2238 1287 in
2303 1218 2455 1289 dies
2515 1233 3005 1316 exspectarent

862 1364 1081 1435 quam
1134 1338 1329 1434 quod
1401 1338 1493 1409 ad
1553 1337 1902 1434 supplicia
1969 1351 2040 1406 et
2085 1359 2333 1433 poenas
2383 1360 2518 1433 pro
2587 1336 3002 1432 hujusmodi

862 1456 1091 1527 causis
1137 1455 1286 1552 rapi
1337 1454 1724 1543 deberent3
1769 1478 1912 1523 una
1961 1452 2112 1523 sola
2162 1451 2276 1523 via
2318 1451 2450 1523 sibi
2510 1451 2746 1523 afferri
2795 1480 3005 1552 posse

864 1586 1114 1641 contra
1162 1570 1573 1666 hujusmodi
1620 1570 1935 1666 pericula
1983 1568 2416 1656 remedium,
2472 1568 2529 1639 si
2577 1569 2674 1640 ad
2712 1570 3004 1668 placan-

864 1687 1039 1758 dum
1089 1710 1467 1757 accensum
1529 1686 1601 1755 in
1660 1710 1795 1755 nos
1841 1700 2052 1780 atque
2110 1685 2184 1754 in
2244 1709 2318 1755 se
2355 1699 2428 1755 et
2479 1700 2812 1779 caeterOS,
2880 1690 3004 1784 qui

865 1800 1074 1871 nobis
1102 1802 1527 1892 servierant,
1570 1801 1793 1870 nostri
1836 1817 2050 1870 causa
2107 1782 2430 1870 animum
2477 1801 2748 1895 regium
2777 1858 2798 1894 ,
2853 1828 3003 1873 ces·

863 1914 1139 1985 sionem
1178 1916 1484 1986 ecclesiae
1524 1932 1781 1987 nostrae
1833 1914 2061 1985 facere
2104 1914 2490 2003 vellemUS,
2537 1915 2653 1985 cui
2689 1915 2779 1985 de
2833 1940 3002 2013 per-

863 2054 1041 2101 sona
1069 2032 1217 2125 regi
1246 2046 1440 2125 grata
1474 2032 2007 2129 provideretur3
2044 2030 2188 2100 hoc
2222 2029 2447 2101 modo
2493 2030 3004 2125 indignationis

865 2148 1071 2239 regiae
1124 2162 1375 2218 contra
1427 2172 1500 2217 se
1549 2163 1618 2219 et
1669 2148 1909 2244 plnres
1964 2146 2142 2217 alios
2193 2145 2536 2217 honestos
2585 2113 2824 2239 cives-5
2879 2150 3002 2244 qui

865 2262 1254 2357 aliquando
1308 2265 1379 2332 in
1441 2263 1699 2333 nostris
1734 2260 2348 2359 persecutionibus
2379 2260 2590 2333 nobis
2635 2263 3006 2333 ministra-

868 2393 1056 2469 rant,
1097 2380 1593 2475 impositorum
1630 2378 1802 2467 sibi,
1859 2380 2024 2450 licet
2072 2378 2548 2473 iniquissime,
2615 2378 3000 2448 criminum

866 2493 1334 2563 abolitionem
1389 2510 1459 2563 et
1508 2495 2054 2565 exstinctionem
2117 2494 2416 2587 vitaeque·
2483 2508 2552 2563 et
2618 2508 2842 2565 status
2897 2496 3004 2566 sui

866 2611 1313 2681 securitatem
1379 2626 1765 2706 utcumque
1817 2610 2160 2705 consequi
2213 2633 2422 2706 posse
2489 2634 2804 2705 sperare,
2871 2637 3002 2683 no·

867 2726 1116 2820 bisque
1150 2728 1461 2821 quietem
1501 2742 1570 2796 et
1607 2728 2190 2823 tranquillitatem
2229 2751 2356 2824 per
2394 2726 2536 2797 hoc
2571 2727 3000 2823 parandam,

868 2867 1033 2910 cum
1068 2842 1159 2911 al)
1194 2841 1540 2938 improbis
1566 2841 2003 2912 delatoribus
2032 2858 2103 2912 et
2135 2841 2773 2912 calumniatoribus
2793 2843 3011 2939 hujus

867 2957 969 3026 rei
998 2958 1217 3050 gratia
1252 2958 1613 3053 potissime
1640 2960 1836 3055 apud
1863 2960 2086 3055 regias
2111 2983 2317 3029 aures
2331 2958 2706 3029 calumniae
2728 2972 3010 3031 structae

868 3093 936 3147 et
994 3080 1438 3149 concinnata»,
1493 3078 1870 3150 adversmn
1938 3105 2073 3148 nos
2127 3079 2428 3169 fuerint,
2499 3095 2581 3149 ut
2643 3078 2738 3150 ad
2787 3082 3011 3153 eccle·

867 3196 1046 3265 siam
1121 3212 1437 3265 nostram
1505 3222 1637 3291 pro
1710 3222 1782 3265 se
1861 3211 1983 3266 aut
2047 3222 2340 3266 suorum
2397 3196 2639 3292 aliquo
2709 3199 3008 3294 propin·

868 3341 1179 3410 quorum
1213 3318 1554 3410 attingere
1594 3331 1915 3412 possent3
1975 3317 2342 3387 ecclesiam
2403 3316 2497 3386 ad
2546 3340 2836 3387 causam
2885 3317 3006 3388 ab·

867 3434 1104 3503 sentia·
1149 3449 1403 3503 nostrae
1440 3458 1720 3530 passam
1755 3447 1967 3528 atque
2007 3435 2077 3502 in
2132 3432 2283 3503 dies
2325 3434 2470 3531 pati
2530 3449 2601 3504 et
2657 3436 3012 3507 sustinere

870 3550 1175 3617 maxima
1210 3550 1633 3619 detrimenta
1660 3606 1677 3637 ,
1723 3575 1849 3645 per
1895 3548 2038 3617 hoc
2082 3549 2278 3644 quod
2327 3575 2446 3619 rex
2504 3553 3008 3647 temporalium

866 3664 1224 3757 ejusdem,
1268 3666 1337 3733 in
1376 3665 1636 3759 quibus
1670 3665 1890 3734 ferme
1929 3690 2178 3734 omnes
2223 3666 2374 3761 ejus
2406 3667 2806 3736 consistunt
2841 3693 3010 3763 pro·

865 3795 1159 3865 xentus,
1230 3806 1420 3849 nunc
1484 3781 1605 3851 nni
1674 3806 1866 3849 nunc
1931 3782 2175 3873 alteri,
2235 3797 2304 3851 et
2361 3806 2562 3877 paule
2616 3785 3008 3877 quotannis

869 3897 1071 3964 novis
1114 3896 1571 3991 prardonibus
1604 3896 2294 3966 administrationem
2325 3898 2704 3993 permittit;
2749 3924 3006 3970 census

864 4028 931 4081 et
972 4015 1133 4106 jura
1183 4014 1489 4081 ecclesian
1552 4014 1842 4082 alienari
1906 4028 2119 4108 atque
2173 4013 2504 4103 distrahi,
2571 4014 2780 4086 silvas
2843 4042 3001 4086 suc-

865 4131 1039 4217 cidi,
1082 4128 1350 4199 nobilia
1385 4154 1682 4225 qumque
1729 4128 2024 4199 wdificia
2071 4155 2150 4199 ex
2193 4146 2392 4225 parte
2420 4131 2570 4226 jam
2604 4132 2676 4200 in
2715 4133 2998 4203 ruinam

866 4248 1135 4343 dilapsa
1174 4264 1385 4341 atquc
1428 4249 1496 4315 in
1535 4247 1685 4314 «lies
1733 4246 2033 4336 collabi,
2074 4273 2238 4316 cum
2274 4249 2394 4333 hi,
2434 4248 2694 4343 quibus
2729 4251 2996 4320 reditus
